3042 4900
222 63 287 129 244
694 52 903 121 MACROBll

174 227 366 319 [saeptiquod
396 225 577 310 epigramma
607 220 761 307 porrigere
787 219 965 285 Graeculus.
1007 218 1043 283 ld
1073 238 1142 283 cum
1167 217 1279 282 frustm
1306 235 1399 301 saepe

224 315 360 389 fecisset,
395 328 579 391 rursumque
599 326 669 371 eum
690 306 769 369 idem
790 305 940 369 iacturum
961 303 1086 368 vidisset
1107 308 1279 386 Augustus,
1306 302 1399 365 breve

225 419 280 465 sua
301 416 394 460 manu
415 393 446 456 iu
467 392 571 456 charta
587 389 719 455 exaravit
741 389 892 453 Graecum
915 389 1113 473 epigramma:
1133 387 1268 471 pergenti
1287 385 1399 450 deinde

226 483 264 547 ad
286 501 318 545 sc
340 478 459 543 obvium
481 476 571 540 misit
614 475 669 539 llle
689 473 818 556 legendo
839 475 975 549 laudare,
999 472 1099 536 mirari
1122 481 1184 535 tam
1207 491 1282 536 voce
1305 490 1398 555 quam

227 567 328 633 vultu:
352 582 484 646 eumque
504 559 680 625 accessisset
697 559 735 622 ad
756 559 869 636 sellam,
885 558 1015 623 demissa
1037 556 1067 621 in
1089 556 1212 621 fundam
1231 576 1397 653 pauperem

228 670 322 715 manu
348 668 462 733 pancos
491 644 631 710 denarios
659 643 785 729 protulit
807 664 885 727 quos
910 642 1038 728 principi
1061 641 1159 705 daret:
1191 640 1327 705 adtectus
1348 639 1400 704 hic

230 754 345 801 sermo:
371 730 425 815 Νὴ
444 726 504 814 τὴν
525 726 584 812 σὴν
604 724 719 812 τύχην,
743 724 902 811 Σεβαοτέ·
923 729 951 791 el
969 725 1070 791 πλέον
1089 721 1192 809 εἶχον,
1214 721 1314 789 πλέον
1334 722 1400 788 tot-

230 822 321 886 δουν.
366 818 479 882 Secuto
499 814 635 879 omnium
665 813 729 878 risu
756 814 993 897 dispensatorem
1016 812 1128 877 Caesar
1151 810 1272 878 vocarit
1297 817 1329 874 et
1353 830 1401 873 se·

231 904 335 969 stertia
356 908 479 965 centum
502 899 583 963 milia
607 918 767 963 numerare
788 898 937 964 Graecrdo
962 896 1059 961 iussit

304 1072 385 1139 [mss.
404 1068 552 1122 snursv.

234 1158 292 1209 s-ls.
311 1155 385 1218 „lde
406 1154 496 1205 treci
512 1170 594 1205 manu
612 1153 681 1205 rurr“
698 1152 777 1205 Pont.
801 1152 868 1204 coll.
886 1150 950 1218 llig.
967 1151 1075 1215 xxltt,
1094 1154 1119 1212 ³,
1138 1153 1178 1201 ta.
1196 1148 1286 1201 breui
1303 1163 1402 1199 muns

235 1231 370 1290 acceptum
396 1239 413 1273 u
439 1222 555 1273 muliere.
591 1222 658 1271 ddd.
683 1218 711 1271 in
734 1221 792 1270 dar
822 1220 911 1287 „Legi
936 1236 1018 1285 posse
1041 1220 1172 1270 existimo
1194 1218 1282 1277 breue,
1307 1222 1338 1265 nt
1364 1214 1403 1264 sit

235 1287 453 1354 substantivum,
478 1289 549 1339 ande
574 1295 699 1339 nostrum
730 1288 810 1351 Brief
832 1286 954 1338 fluxerit.
998 1285 1099 1338 lsidnrl
1123 1286 1250 1352 glossae:
1276 1282 1348 1333 trevi
1368 1308 1402 1318 ——

234 1358 360 1427 gerulus,
387 1358 433 1423 qui
456 1356 531 1406 breue
551 1357 632 1422 gerit.
666 1354 716 1405 aar
733 1354 761 1403 in
784 1354 899 1420 vopisco
922 1354 949 1403 in
968 1349 1279 1418 ritaBonosilc.15.]:
1306 1349 1404 1399 Breuis

235 1441 379 1476 munerum.
416 1422 492 1473 ldem
512 1423 645 1487 l'opiscns
664 1421 691 1472 in
710 1420 862 1472 Aureliano
879 1421 914 1486 [c.
927 1420 995 1486 30.]=
1019 1421 1124 1473 breuem
1142 1419 1191 1485 [al.
1210 1415 1302 1483 lrreue]
1318 1415 1405 1467 uomi-

234 1509 314 1554 num,
341 1496 372 1541 nt
390 1488 431 1539 ita
449 1490 524 1540 treve
547 1496 575 1541 et
592 1490 677 1539 trevis
698 1496 846 1555 utrumqne
864 1487 1038 1538 substantive
1056 1495 1192 1539 sumatur.
1226 1484 1336 1536 Seneca
1354 1499 1405 1548 sp-

236 1560 326 1625 pellat
351 1558 462 1607 indicem
489 1554 573 1621 epist.
594 1561 637 1606 ³9.
661 1554 685 1621 [ᾗ
706 1554 773 1622 2.].“
823 1556 883 1619 „Ab
905 1556 1034 1606 omnilrns
1061 1554 1216 1606 editoribus
1240 1566 1406 1618 expressam

236 1625 304 1676 olim
326 1625 400 1674 breue
422 1622 602 1674 adiectirum.
640 1622 710 1673 Duru
734 1639 787 1672 non
813 1622 973 1674 consideret
990 1624 1133 1673 Pantanus
1155 1620 1220 1687 qnid
1238 1620 1308 1671 letis
1327 1618 1407 1669 dica·

236 1700 282 1743 tur
300 1692 372 1742 dreni
386 1708 468 1741 manu
478 1692 552 1756 fieri,
570 1690 611 1740 sic
629 1706 695 1741 vara
712 1690 817 1741 nitriam
835 1697 931 1741 secuta
948 1696 1000 1741 est.
1034 1690 1100 1754 Noa,
1119 1690 1217 1752 lector,
1235 1695 1312 1739 tunm
1330 1684 1407 1736 indi·

238 1760 311 1809 cium
338 1757 543 1823 appellandas*
567 1758 651 1808 Gran.
685 1756 792 1819 „Breve
816 1755 928 1822 probari
954 1756 1058 1821 nequit.
1097 1756 1158 1807 Etsi
1181 1754 1254 1806 enisu
1279 1757 1355 1805 dreoe
1376 1756 1408 1803 et

237 1824 487 1888 breviculiquundo
507 1840 556 1889 pro
577 1823 674 1875 lilsello
691 1823 804 1891 ponitur
820 1824 848 1875 in
866 1841 920 1889 qno
938 1825 1003 1889 qnid
1021 1823 1076 1875 scri
1099 1831 1156 1875 tnrn
1176 1830 1230 1873 cst:
1258 1821 1285 1873 id
1310 1826 1405 1871 tamen

237 1894 265 1943 lt.
286 1893 305 1943 Ι.
327 1891 497 1941 constructio
517 1908 570 1941 uon
585 1890 717 1942 admittit.
753 1890 830 1956 Lego
847 1892 935 1957 igitur
947 1892 1020 1942 treci
1035 1899 1063 1941 et
1081 1896 1268 1955 interpretare
1284 1889 1407 1947 breviter,

238 1976 272 2010 ex
293 1965 431 2024 tempore,
452 1957 575 2009 subito.u
590 1958 676 2008 Zeun.
718 1957 870 2021 „Praestat
886 1959 962 2009 breue
979 1960 1051 2023 qnod
1070 1959 1104 2008 ad
1121 1959 1287 2025 epigramma
1304 1953 1407 2005 referri

238 2027 349 2077 debet.“
372 2024 476 2075 Weiclr.
497 2024 515 2074 l.
533 2042 556 2075 c.
575 2044 601 2093 p.
620 2028 677 2076 101.
694 2050 728 2063 -·
752 2041 832 2075 manu
848 2042 897 2076 suu
915 2026 943 2075 iu
960 2026 1053 2077 struma
1070 2028 1192 2075 exaravit
1209 2039 1337 2093 graecam
1350 2022 1406 2089 i-g.

237 2109 364 2161 graecum
383 2109 463 2142 manu
480 2108 530 2141 auu
548 2092 577 2142 iu
593 2093 634 2142 ολ.
652 2108 724 2141 esur.
742 2107 768 2141 v.
797 2118 831 2130 -
856 2093 951 2143 mirari
972 2092 1034 2142 add.
1055 2092 1082 2142 in
1103 2108 1159 2158 mg.
1178 2091 1205 2141 S.
1236 2116 1263 2127 -·
1295 2092 1323 2140 in
1337 2092 1407 2153 sun-

239 2162 313 2211 dum
329 2174 471 2225 pauperem
488 2156 567 2209 ΑΒΗ.
599 2160 626 2210 in
645 2174 787 2225 pauperem
804 2160 921 2221 fundum
933 2160 1014 2210 s-lrl’.
1031 2184 1065 2197 —-
1082 2174 1164 2210 murm
1185 2172 1243 2208 crrs'
1260 2171 1359 2207 ruram
1377 2155 1407 2206 l'.

240 2240 344 2277 nurum
372 2240 515 2276 rrrnn‘nc
542 2226 676 2291 (reliquis
697 2230 766 2283 om.)
789 2225 819 2276 Α.
862 2221 897 2291 νὴ
923 2220 975 2292 τὴν
998 2222 1084 2291 τύχην
1110 2237 1161 2276 σου
1186 2226 1257 2275 dlld.
1295 2219 1331 2288 νὴ
1355 2217 1408 2288 τὴν

239 2286 325 2357 ψυχὴ
352 2304 402 2342 σου
428 2290 458 2341 S.
499 2287 554 2358 Μὴ
575 2288 626 2358 τὴν
647 2288 699 2357 σὴν
719 2288 805 2357 τύχην
831 2292 850 2343 lr
878 2293 906 2343 in
929 2310 985 2361 urg.
1013 2294 1083 2344 Nou
1107 2292 1280 2343 seeundum
1299 2294 1408 2355 satura

239 2367 330 2409 tuum
349 2364 502 2427 auguste.
533 2359 662 2426 Siplus
678 2358 835 2424 dolerem,
849 2362 929 2427 ptus
947 2362 1066 2411 durem.
1092 2374 1140 2409 rra
1158 2374 1219 2410 ran
1235 2372 1293 2408 ears
1308 2370 1408 2408 rrnrrrs

240 2424 273 2475 B.
307 2419 349 2490 μὴ
368 2422 419 2491 τὴν
439 2420 489 2490 σὴν
509 2420 594 2491 τύχην
610 2442 663 2478 s-u.
707 2442 751 2476 ιη
768 2442 831 2478 surr
848 2442 946 2478 mrum
965 2442 1021 2478 can
1041 2426 1071 2476 P.
1104 2421 1149 2491 μὴ
1167 2421 1218 2491 τὴν
1236 2420 1322 2491 τύχην
1338 2429 1407 2483 (1111·

241 2487 308 2556 σὴν)
322 2491 371 2540 Ρ6.
402 2485 461 2541 orie
480 2485 531 2555 τὴν
563 2487 648 2558 τύχην
666 2493 784 2544 doul’t.
816 2489 961 2559 μὴκατὰ
977 2488 1028 2560 τὴν
1044 2487 1130 2558 τύχην
1147 2488 1198 2558 σὴν
1212 2493 1290 2558 egb.
1307 2491 1408 2553 „Vide-

241 2561 287 2609 tur
305 2558 453 2622 legendnm
474 2554 686 2609 esseantsurcl
702 2553 753 2624 τὴν
769 2555 804 2610 τύ
872 2554 1066 2626 consuturis
1084 2555 1118 2608 o'
1135 2560 1162 2608 .“
1181 2559 1287 2609 Weielr.
1314 2557 1409 2619 „Edit

241 2627 297 2675 vet.
316 2624 391 2688 (ric)
411 2617 461 2688 Μὴ
478 2620 547 2674 κατὰ
567 2621 618 2690 τὴν
634 2621 718 2690 τύχην
736 2622 796 2691 σὴν,
844 2622 948 2693 spuere,
965 2626 992 2678 al
1004 2623 1096 2691 πλέον,
1120 2624 1230 2686 oleove,
1249 2643 1301 2676 nou
1318 2641 1409 2675 secuu-

241 2693 304 2742 dum
314 2693 455 2754 fortunam
471 2698 546 2741 tuum
565 2694 704 2760 Argestes
723 2693 826 2758 siplae
845 2693 980 2754 dulmene,
1005 2694 1067 2758 plus
1084 2695 1183 2742 durem.
1217 2692 1248 2742 Si
1267 2690 1410 2743 addideris

242 2751 324 2822 εἶχον,
343 2752 433 2820 πλέον,
446 2757 519 2820 quud
537 2757 565 2808 in
584 2757 733 2809 recentiori
745 2759 824 2823 (sa-b)
843 2758 991 2824 reperitur,
1008 2761 1075 2810 leant
1093 2758 1177 2810 dabie
1193 2760 1308 2825 antiqua
1326 2757 1410 2809 lectio

242 2831 286 2875 est
310 2823 501 2889 praeterendo.
536 2824 605 2875 Nam
623 2842 675 2876 non
696 2825 779 2875 modo
800 2824 996 2890 interpretatio
1011 2826 1121 2876 adiecta
1139 2841 1200 2876 enm
1219 2827 1331 2892 prolrntr
1360 2825 1410 2876 sed

246 2891 347 2942 melior
364 2907 472 2955 quoqne
492 2889 615 2942 eflicitur
634 2908 742 2943 sensus.
778 2891 847 2942 Nam
864 2887 903 2957 μὴ
922 2887 994 2942 κατὰ
1011 2886 1062 2957 νην
1078 2889 1164 2958 τύχην
1181 2889 1232 2959 σὴν
1250 2893 1412 2944 referuntur

241 2956 276 3009 sd
295 2957 500 3021 antecedentia,
518 2958 553 3009 ad
568 2958 699 3010 denarios
715 2974 819 3024 paucos
836 2975 906 3023 quos
922 2960 1038 3010 (laesuri
1053 2959 1211 3010 Graeculus
1228 2959 1366 3020 exhibuit,
1382 2959 1411 3010 la.

243 3023 443 3140 ἓὸηίχιθιχνιοχοέἰ
463 3025 638 3142 ρηοπιίχδῗδι
660 3026 778 3143 (Ιὶςοχχι,
806 3025 860 3074 hoc
882 3025 1001 3142 prptium
1025 3043 1079 3144 nup
1103 3025 1174 3077 satis
1196 3035 1260 3077 tuae
1280 3027 1411 3077 tortuose

332 3106 348 3138 n
375 3128 381 3140 .
496 3117 556 3140 .-
668 3123 692 3142 -.
1398 3121 1410 3132 .

244 3163 305 3208 ste:
323 3156 352 3206 si
369 3106 720 3223 plureuhnuleremffius
742 3097 1095 3225 dragpp'euvggusssptrip
1104 3109 1174 3210 ’ἴτω
1189 3099 1345 3212 aasz:
1366 3112 1411 3212 rrum

237 3224 354 3286 sutum
372 3229 456 3275 tuum
472 3228 548 3280 cet).
577 3224 780 3288 ,‚Secunrlurn
792 3227 925 3289 suctum
944 3234 1031 3278 tunm
1049 3229 1198 3294 Auguste
1216 3229 1245 3278 sr'
1261 3229 1339 3292 plus
1354 3227 1411 3278 ltu·

243 3291 357 3342 derem.
398 3299 428 3343 ct
456 3291 581 3341 insecuto
606 3289 739 3356 (reliquis
767 3292 836 3359 om.)
862 3293 937 3346 Male
957 3293 1017 3345 cod.
1034 3291 1131 3344 Flnr.“
1156 3294 1242 3346 (lrnu.
1268 3294 1295 3345 in
1319 3310 1411 3361 marg.

277 3442 319 3490 31.
347 3439 608 3492 crurnoitGruecum
626 3440 803 3509 epigramma]
853 3448 911 3502 est,
943 3450 974 3495 ut
996 3445 1084 3513 vulgo
1109 3441 1144 3511 νὴ
1167 3441 1218 3496 τὸν
1239 3443 1303 3497 Δία.
1330 3441 1413 3493 cerr.

244 3505 415 3570 „Suetonius
441 3505 469 3556 iu
497 3507 614 3574 August.
639 3512 681 3558 85.
709 3516 803 3560 narrat
852 3510 979 3576 Alciplrr.
1007 3513 1047 3575 ll,
1070 3515 1095 3562 2.
1126 3505 1177 3578 Νὴ
1202 3510 1237 3562 τὰ
1261 3505 1410 3576 μυστήρια,

244 3573 399 3637 Angustum
430 3574 649 3639 epigrammata,
685 3591 802 3640 qrrorsun
851 3571 886 3628 ν’
910 3576 962 3643 τὴν
979 3574 1086 3630 τούτων
1106 3579 1163 3628 τῶν
1177 3579 1269 3630 κακῶν
1287 3573 1413 3628 ἀπαλλα-

243 3637 371 3716 modieus
389 3645 465 3690 extet
485 3641 571 3704 liber,
601 3643 660 3694 lere
678 3649 803 3707 tempore
849 3659 908 3709 prpe.
919 3642 1182 3709 luterpretationnm
1193 3645 1356 3697 Latinarum
1368 3643 1413 3694 di·

243 3699 338 3752 lmlncr
355 3706 518 3756 meditatum
543 3713 634 3760 essa.“
660 3709 744 3760 Znua.
768 3733 802 3746 -
852 3709 972 3760 versitas
985 3711 1046 3775 ipsa
1062 3712 1248 3763 docetdelreri
1261 3726 1310 3763 eas
1324 3712 1413 3763 inter·

244 3762 323 3813 Nunc
342 3766 397 3816 vid.
409 3769 561 3825 Wciclrcrt.
581 3775 600 3825 1.
616 3792 639 3825 ο.
658 3794 683 3843 p.
696 3780 730 3828 89
741 3792 802 3841 sqq.
852 3775 981 3840 polatori.
1005 3777 1084 3827 Gont.
1102 3795 1125 3828 c.
1144 3781 1169 3829 8.
1189 3780 1201 3841 5
1222 3783 1262 3828 16.
1280 3785 1309 3828 et
1325 3777 1412 3828 lrnins

247 3831 275 3878 ⁰3
292 3845 317 3894 Ρ·
337 3835 387 3881 1⁰0
404 3849 444 3895 1111·
855 3841 921 3893 iibri
935 3841 1027 3893 linem.
1045 3843 1156 3894 Similis
1174 3843 1353 3910 interpolatio
1368 3845 1412 3894 in-

274 3895 388 3962 legendo
398 3898 519 3977 laudare]
525 3902 544 3948 v
548 3901 584 3953 id.
593 3906 719 4020 prolegg.
728 3924 805 3973 prr..
854 3908 1083 3973 contraeunte.
1096 3909 1188 3959 Minus
1199 3918 1329 3975 sempecta
1340 3910 1412 3961 mihi

279 3975 561 4043 cumpucuecesarsset
585 3971 621 4020 ud
646 3974 749 4038 selum]
776 3975 804 4025 in
854 3981 897 4026 est
913 3990 1034 4039 enqrrse
1053 3975 1279 4040 legitnrcomm.
1297 3977 1412 4038 1,s,41.

245 4029 366 4090 Rostmr,
387 4029 703 4098 ardetar,quointerim
721 4054 804 4090 vene·
887 4036 1008 4105 ἐδίδουν]
1044 4041 1103 4090 tid.
1131 4040 1165 4090 G.
1195 4041 1345 4091 Hermann.
1376 4044 1412 4093 de

244 4103 289 4148 rat
306 4097 457 4163 anguntur.
482 4098 525 4149 Gi.
544 4100 601 4152 cte.
620 4100 696 4153 Plsil·
716 4103 750 4166 ll,
759 4108 802 4157 114.
852 4105 953 4173 partic.
970 4097 1006 4156 ἂν
1023 4106 1044 4169 l,
1066 4109 1106 4155 13.

245 4167 261 4227 §
287 4167 331 4214 85.
364 4163 479 4214 Sedebut
506 4165 535 4216 ἰν
566 4167 669 4220 Rostris
696 4171 802 4239 collega
886 4171 1100 4238 dispensatorem]
1127 4169 1194 4221 Fuit
1219 4185 1291 4220 unns
1311 4186 1327 4220 e
1351 4187 1413 4222 ser-

244 4238 305 4310 tups
325 4265 350 4281 ..
368 4231 395 4281 in
411 4229 486 4282 sellu.
505 4269 530 4285 ..
551 4235 694 4300 discendis,
710 4253 801 4289 usce-
853 4238 905 4302 ris,
919 4239 991 4304 apud
1007 4240 1190 4306 imperatores
1208 4237 1348 4289 interdura
1368 4239 1413 4290 in-

245 4298 496 4379 drruds'cllnqm.
851 4321 969 4370 genuus.
1004 4304 1411 4371 vta.ttectrer.uenur1‚p.

279 4360 327 4426 Νη
355 4381 406 4429 την
433 4379 483 4430 οην
506 4363 601 4436 τύχην]
631 4367 800 4424 affirmantis
853 4375 910 4424 1119.
922 4372 964 4425 erl.
975 4373 997 4425 l.
1016 4371 1104 4426 orell.
1121 4371 1156 4424 ad
1174 4372 1260 4426 iasar.
1280 4371 1313 4426 Ν.
1330 4376 1410 4426 4⁰⁰2.
