3042 4900
240 11 303 79 384
726 16 937 83 Mnunurn

241 202 304 269 quo
328 203 376 248 rne
396 183 516 248 trabere
538 184 673 250 coneris:
696 206 734 251 eo
758 185 888 263 scilieet,
912 205 976 271 quo
994 185 1122 252 minime
1138 187 1224 266 nolo,
1247 188 1285 253 ad
1303 210 1428 276 conpa-

241 270 389 334 rationem
412 268 548 334 Maronis
575 278 606 334 et
633 270 734 337 Tullii.
778 270 960 336 Verecunda
989 270 1071 336 enim
1103 272 1315 359 interrogasti,
1349 285 1430 341 uter

241 374 347 419 eorum
368 355 582 452 praestantior,
611 356 861 442 quandoquidem
882 357 1056 422 necessario
1077 356 1103 421 is
1126 358 1293 443 plurimum
1314 362 1426 427 conla-

212 448 329 511 4turus
352 448 392 504 sut
413 438 467 525 qui
488 440 553 526 ipse
566 440 736 589 plurimum
757 449 900 527 praestat
946 442 1007 507 Sed
1034 442 1123 508 istam
1150 443 1226 509 mibi
1251 446 1425 511 amessita-

241 534 303 591 tem
333 524 425 589 altam
451 533 483 589 et
508 546 563 611 pro
577 526 689 591 undam
714 527 853 593 remittas
879 526 966 592 uolo:
996 527 1069 612 quia
1090 550 1155 595 non
1178 542 1316 596 nortmns
1338 531 1426 597 inter

241 610 309 675 illos
332 622 430 675 toruae
460 633 626 698 conponere
652 612 732 689 lites,
770 633 826 677 nee
852 612 949 677 ausim
976 612 1006 677 in
1033 612 1181 679 utramvis
1202 623 1320 701 partem
1348 618 1424 683 talis

241 695 411 761 sententiae
432 703 540 761 auctor
558 696 662 762 rideri.
706 698 775 762 Hoc
795 697 894 762 solum
916 698 1038 763 audebo
1056 697 1185 774 dixisse,
1216 700 1290 786 quia
1311 701 1422 767 boun·

242 782 293 847 dia
313 780 474 847 Mantuani
492 781 650 868 multiplex
673 790 704 846 et
725 782 920 848 multiformis
940 791 989 847 est
1010 790 1042 849 et
1063 783 1185 849 dicendi
1205 806 1303 871 genus
1322 808 1422 853 omne

243 866 455 954 conplectitur.
495 867 576 933 Ecce
597 866 677 931 enim
706 866 736 931 in
757 867 906 934 Cicerone
928 877 1030 934 vestro
1053 890 1134 935 unus
1155 871 1350 956 eloquentiae
1371 880 1421 937 te·

213 961 301 1026 5nor
328 960 392 1031 est,
425 950 475 1016 ille
500 952 659 1019 abundans
679 960 710 1017 et
731 961 851 1019 torrens
871 962 904 1018 et
923 953 1078 1039 copiosus.
1121 955 1290 1021 Oratonam
1311 965 1419 1023 autem

244 1058 307 1103 non
329 1036 455 1136 simplex
475 1057 531 1102 nec
550 1056 612 1103 una
633 1044 742 1103 natura
762 1048 824 1105 est:
846 1039 898 1103 sed
921 1037 971 1103 bic
987 1039 1055 1105 llnit
1077 1048 1109 1105 et
1128 1040 1290 1119 redundat,
1309 1057 1419 1109 contra

243 1124 293 1189 ille
313 1124 443 1189 breviter
465 1130 496 1187 at
522 1122 701 1189 circumcise
723 1122 824 1189 dicere
844 1122 992 1190 adfectat:
1025 1125 1126 1190 tenuis
1148 1126 1272 1211 quidam
1301 1136 1334 1192 et
1356 1128 1418 1193 sic-

243 1230 297 1275 cus
321 1218 352 1273 et
376 1207 497 1275 sobrius
519 1216 601 1275 amat
627 1209 781 1295 quandam
809 1208 930 1274 dicendi
955 1210 1172 1359 frugalitatem,
1203 1211 1282 1277 alius
1309 1213 1417 1299 pingui

222 1304 274 1363 'et
301 1293 454 1360 luculenta
486 1301 516 1361 et
546 1294 652 1360 llodda
679 1294 820 1361 oradone
846 1294 973 1361 lascivit
1027 1317 1048 1359 n
1076 1316 1137 1383 qua
1164 1304 1247 1363 tants
1275 1298 1415 1365 omnium

242 1378 488 1445 dissimilitudine
515 1400 594 1444 unus
621 1378 746 1445 omnino
774 1377 921 1465 Virgilius
950 1380 1104 1446 invenitur
1129 1380 1184 1467 qui
1208 1382 1416 1469 eloquentiam

213 1474 279 1541 6ex
304 1465 389 1533 omni
417 1484 527 1550 genere
548 1464 732 1531 conllaverit
775 1465 948 1551 Respondit
967 1466 1116 1533 Auienus:
1144 1468 1291 1553 Apertius
1307 1468 1416 1535 uellem

215 1562 293 1625 'ture
317 1552 372 1617 bas
395 1549 584 1617 diversitates
605 1550 663 1615 sub
686 1570 884 1635 personarum
907 1552 1052 1638 exemplis
1073 1552 1209 1617 doceres.
1257 1553 1417 1633 Quattuor

242 1644 329 1713 sunt,
361 1636 461 1721 inquit
481 1636 651 1712 Eusebius,
676 1656 785 1720 genera
809 1636 944 1705 dicendi:
965 1636 1143 1723 copiosum,
1170 1637 1285 1725 inquo
1305 1638 1416 1705 Cicero

244 1722 435 1787 dominatur:
467 1720 574 1797 breve,
598 1720 628 1785 in
649 1740 712 1804 quo
734 1720 885 1787 Salustius
906 1730 1026 1807 regnat:
1056 1722 1188 1801 siccum,
1213 1723 1297 1810 quod
1316 1725 1414 1791 Fron·

245 1807 310 1873 tnui
343 1805 521 1871 ascribitur:
556 1806 668 1891 pingue
698 1814 730 1871 et
757 1807 918 1884 lloridum,
951 1807 984 1873 in
1013 1828 1077 1893 quo
1106 1808 1226 1874 Plinius
1254 1809 1414 1875 Secundus

244 1892 399 1992 quondm
421 1899 453 1956 et
476 1910 558 1956 nune
582 1891 666 1957 nullo
688 1901 824 1957 veterum
850 1892 952 1957 minor
974 1902 1079 1959 noster
1100 1893 1299 1980 Symmachus
1324 1895 1413 1960 luxu·

243 1988 349 2045 natur.
394 1976 454 2042 Sed
480 1977 561 2076 apud
587 1996 683 2041 unum
710 1978 870 2043 Maronem
898 1976 973 2043 haee
999 1986 1147 2064 quattuor
1172 2000 1280 2065 genera
1304 1999 1412 2066 reppe-

216 2065 313 2133 Srius.
358 2062 413 2129 Vis
435 2061 541 2127 audire
561 2062 646 2129 illurn
666 2069 751 2127 mom
774 2062 921 2129 brevitate
944 2062 1111 2141 dicentem,
1149 2074 1186 2130 ut
1203 2064 1294 2129 artari
1313 2064 1410 2148 magis

192 2160 278 2239 [aqut
295 2147 433 2219 oonbsbi
454 2147 584 2215 brevitas
603 2148 669 2234 ipsa
689 2168 751 2213 non
776 2148 897 2234 possit?

310 2322 391 2389 ιιι...
408 2321 481 2375 ars.

242 2422 296 2458 orn.
317 2407 348 2462 Ρ.
372 2406 539 2474 „Scriptura
560 2406 618 2458 loro
640 2405 781 2460 celerabat
798 2415 822 2458 et
836 2405 999 2474 profundans
1019 2422 1071 2458 resa
1086 2407 1178 2460 srittns
1197 2406 1256 2458 uolo
1274 2404 1307 2473 [Δ
1322 2406 1413 2458 renit-

240 2475 302 2544 tnr].
342 2475 518 2528 Sententiam
543 2491 634 2526 rneuru
659 2492 711 2525 nnn
739 2474 846 2544 urgebo
874 2473 1075 2541 pertinaciter,
1101 2473 1174 2541 quod
1199 2482 1291 2526 taines
1316 2470 1413 2525 inierit

239 2545 375 2610 susspicio,
392 2561 444 2594 nnn
464 2543 565 2606 silebo,
586 2542 751 2610 eornpendio
771 2543 905 2594 nimirum
922 2541 1065 2593 scribendi
1083 2543 1209 2610 elapsam
1226 2542 1360 2594 lortauis
1373 2543 1410 2592 le·

240 2613 369 2678 gitimarn
394 2611 543 2663 lectionem
565 2611 744 2662 necessitatem
768 2613 894 2662 alterans
919 2617 944 2661 et
965 2611 1128 2676 prossndnas
1150 2626 1213 2661 ress
1237 2612 1329 2662 uittas
1345 2611 1410 2661 osis.

243 2679 272 2732 ld
292 2690 368 2732 certo
385 2695 402 2732 a
420 2697 449 2730 re
468 2697 521 2730 arro
540 2678 681 2740 alienam,
705 2686 737 2730 ut
757 2677 891 2730 attinerit
909 2677 1003 2730 olsiter
1023 2679 1060 2731 sd
1077 2693 1218 2746 sagarum
1234 2677 1412 2746 disciplina-

241 2748 287 2815 qni
307 2751 418 2800 alterans
436 2765 509 2799 noem
529 2763 577 2814 pro
596 2763 648 2798 nnn
669 2747 741 2797 bona
757 2749 818 2798 sisa
838 2745 1012 2814 improspera
1026 2747 1208 2813 usurpabant.
1238 2746 1319 2798 Unde
1338 2753 1412 2814 post-

241 2818 365 2876 snodum,
384 2824 414 2867 ut
431 2815 531 2868 Festus
549 2814 604 2882 [ap.
621 2815 702 2866 Paul.
723 2813 772 2866 lib.
794 2815 816 2866 1.
836 2831 852 2879 p
881 2813 919 2880 ¹1.]
938 2814 1034 2876 docet,
1051 2814 1120 2866 aiter
1161 2831 1192 2866 ro
1208 2815 1328 2865 adverso
1347 2816 1412 2866 suls-

242 2885 306 2937 inde
326 2885 470 2936 dicebntnr
490 2891 519 2932 ct
542 2885 646 2934 srsnlo.“
672 2881 753 2934 Pont.
783 2911 813 2920 -
843 2880 906 2950 non]
931 2881 977 2933 Gi.
1000 2881 1077 2950 l'irg.
1097 2881 1160 2932 Ec.
1180 2882 1237 2945 111,
1257 2886 1313 2934 tue.

240 2959 256 3004 b
291 2954 376 3005 tenuis
393 2953 506 3022 quidem
520 2947 548 3000 S.
568 2977 600 2989 --
620 2952 724 3002 dicendi
741 2951 805 3001 add.
822 2965 839 3000 n
857 2965 913 3001 ser.
931 2965 967 3001 ιιι.
984 2948 1014 3000 Δ.
1033 2977 1059 2988 -
1079 2949 1292 3002 dissimulatione
1305 2949 1413 3016 Ssiclsg

240 3021 296 3085 (lag
313 3020 341 3071 in
361 3036 414 3084 nug,
434 3018 664 3081 dissimilitudine)
683 3017 770 3070 tarro
800 3045 827 3056 -·
855 3018 989 3068 inuenitur
1011 3017 1144 3098 Virgilius
1158 3017 1205 3069 sia
1219 3017 1292 3085 (eleg
1309 3020 1411 3086 i'srg.)

241 3087 289 3137 l’b.
315 3113 348 3124 -
374 3095 407 3137 nt
424 3085 599 3151 eloquentium
619 3085 667 3136 Pl.
771 3091 795 3138 t.
825 3087 902 3151 Quod
919 3101 1020 3204 penora
1041 3087 1158 3136 ducendi.
1180 3088 1246 3153 Cap.
1265 3090 1308 3136 st.
1345 3087 1411 3204 Capi

245 3155 265 3205 1.
293 3155 362 3220 Quot
380 3155 433 3205 sint
452 3152 558 3203 dicendi
575 3167 684 3222 genera.
712 3153 766 3205 sti.
868 3157 894 3204 θ.
939 3154 1038 3204 reoitss
1060 3155 1130 3219 (ens.
1148 3155 1223 3221 ipss)
1241 3153 1291 3205 Po.

274 3307 300 3355 4.
341 3305 420 3356 istcsn
447 3339 470 3355 ..
497 3302 687 3374 necessitatem]
722 3302 740 3356 i.
776 3322 800 3357 e.
851 3304 958 3365 lll,l,
978 3309 1033 3367 ¹⁰·3
1071 3303 1154 3357 octo.
1175 3304 1205 3356 d.
1231 3304 1262 3355 Α.
1288 3303 1408 3367 11,8ο.;

240 3371 436 3425 necessitatem
458 3371 492 3422 de
515 3387 548 3422 en
573 3387 617 3436 re,
645 3374 679 3422 de
696 3387 750 3439 qna
770 3379 799 3424 tu
850 3371 923 3423 Stet.
942 3371 1034 3422 Theb.
1055 3371 1077 3431 l,
1098 3375 1172 3433 tm
1189 3371 1243 3424 Sil.
1260 3371 1306 3433 ll',
1328 3375 1377 3422 1³8

240 3443 293 3502 ris,
312 3440 484 3510 disputandi.
884 3441 1021 3508 quondan
1062 3440 1170 3492 dicendi
1205 3437 1408 3509 frugalitatem]

273 3509 469 3580 dixissequiu]
489 3507 549 3561 l'id.
567 3513 623 3558 not.
642 3507 676 3560 nd
692 3507 798 3561 Cornan.
850 3507 982 3560 lsnitntnr
1015 3507 1237 3573 Quintilianum,
1267 3505 1315 3573 qni
1346 3506 1408 3567 llll,

242 3579 261 3640 l,
281 3587 307 3642 u,
323 3585 366 3631 62.
852 3581 899 3638 tt),
915 3580 973 3626 at:
1004 3577 1183 3644 Quapropter,
1210 3575 1317 3641 inquit,
1343 3575 1408 3627 ntis·

278 3649 353 3715 Ecce]
380 3647 422 3698 Gi.
449 3645 479 3713 §5
505 3649 531 3696 8.
557 3651 585 3698 et
613 3647 653 3694 15.
683 3651 712 3694 et
740 3642 797 3694 rid.
844 3645 1036 3710 soliirnnltnrn
1053 3645 1188 3707 eicientur,
1207 3643 1253 3710 qni
1269 3645 1408 3694 solosesss

240 3716 360 3782 prolegp
389 3733 414 3780 p.
433 3731 489 3766 nar.
848 3713 949 3764 Atticos
974 3711 1082 3764 credunt
1109 3720 1200 3763 tenues
1227 3747 1251 3763 ..
1278 3718 1303 3763 et
1330 3727 1405 3777 qna-

273 3782 302 3831 s'n
335 3783 456 3834 Cicerone
486 3779 579 3849 oestro]
610 3779 679 3832 dicit
708 3779 798 3834 Ense·
846 3781 917 3831 dass
951 3780 1166 3848 eloquentiae
1194 3780 1406 3848 frugalitate

239 3849 311 3910 bins,
331 3855 362 3898 nt
379 3847 425 3914 qui
447 3847 509 3914 ipse
525 3847 563 3898 sit
580 3847 717 3900 Gruoarrs.
752 3845 798 3899 Gi.
847 3853 988 3899 contentos.

239 3918 313 3969 inira
338 3919 404 3967 aab.
427 3917 443 3979 5
468 3920 515 3977 ra,
539 3915 703 3980 1,16,13;
731 3933 796 3982 pro·
881 3921 905 3966 ’1.
952 3913 1090 3980 Frontoni]
1133 3913 1215 3964 linae
1254 3913 1404 3966 Eumenius

238 3989 315 4053 legg.
335 4001 360 4051 p.
378 3997 441 4034 nnn.
847 3981 1013 4049 Panegprlc.
1031 3980 1176 4033 carnutast.
1200 3985 1242 4034 lt.
1270 3983 1405 4034 Bomos

271 4050 473 4120 torrenr1l2i.§
494 4052 532 4100 19.
565 4049 713 4102 Torrentem
732 4065 795 4100 nra·
845 4051 1010 4117 eloquentiae
1027 4067 1081 4100 noss
1104 4049 1246 4102 mstis·
1268 4053 1316 4102 sed
1336 4053 1403 4102 site·

238 4125 341 4175 tinnrns
379 4120 510 4171 dixerunt
548 4117 633 4169 etiarn
674 4115 796 4182 Quintil.
845 4134 903 4168 rurs
920 4119 1000 4168 decas
1022 4117 1109 4182 dicit,
1137 4117 1249 4170 eteius
1271 4117 1404 4184 diseipnli

237 4193 305 4244 lnnt.
331 4189 387 4254 111,
414 4193 446 4252 Β,
471 4190 514 4238 60.
542 4193 571 4238 et
597 4183 669 4236 Plin.
696 4183 729 4236 Ν.
756 4184 793 4236 11.
845 4185 1012 4239 dicebantur
1028 4186 1211 4238 Frontoniasi.
1247 4187 1292 4238 Ci-
1308 4188 1402 4238 Sidon.

237 4259 335 4323 111111,
348 4263 374 4310 b.
390 4275 414 4308 s.
432 4262 457 4307 1.
845 4253 938 4320 apen.
956 4253 979 4312 l,
1001 4258 1022 4305 1.
1046 4253 1202 4307 near-nne.
1220 4253 1271 4314 lil,
1287 4273 1313 4320 p.
1328 4259 1388 4305 bit.

268 4331 296 4378 5.
332 4327 417 4378 dicere
443 4320 574 4389 adfectat]
607 4337 622 4371 e
648 4327 793 4387 poetarum
878 4319 976 4390 noster]
1005 4320 1110 4376 dicitur
1136 4321 1339 4390 Symmachus,
1374 4329 1404 4373 ut

236 4407 313 4443 snare
331 4394 436 4445 dictum
457 4400 512 4454 cst3
535 4389 570 4442 ol.
582 4389 675 4441 Plaut.
688 4387 794 4440 Bacelr.
844 4387 892 4453 qni
910 4389 1022 4442 intersit
1039 4389 1182 4456 conuiuio,
1206 4407 1260 4442 nna
1276 4397 1404 4456 respectu
