3042 4900
197 30 259 96 152
684 24 896 90 MAGROBH

199 218 267 262 rum
296 196 472 272 duceretur,
507 192 626 258 vovisse
657 212 713 278 pro
741 191 839 258 saluto
864 200 958 278 atquc
984 193 1085 258 reditu
1110 211 1168 258 suo
1195 190 1377 261 unitione

146 281 189 348 22
204 278 314 366 Oaitlp
336 279 392 346 καὶ
414 273 576 363 Ἀρτέμιδι
602 272 715 366 Ocilia.
760 279 823 343 Nec
843 277 965 355 mirum,
987 278 1013 342 si
1035 278 1146 363 gemini
1170 281 1299 344 effectus
1322 302 1376 347 re·

199 367 251 432 n'is
277 365 451 430 nominibus
473 363 677 440 celebrantur,
710 382 781 428 cum
803 363 880 429 alios
902 383 1028 448 quoquo
1053 363 1128 430 deos
1154 385 1192 429 cx
1219 365 1375 430 contrario

148 452 249 534 [aeolin
266 451 371 516 eadem
390 470 423 514 rc
444 447 557 534 duplici
578 447 693 513 censeri
714 456 744 512 et
761 455 912 533 potestate
931 449 1117 534 accipiamus
1133 457 1166 515 ot
1182 450 1322 527 nomine,
1339 458 1377 514 ut

197 537 374 622 Neptunum
405 555 496 618 quem
529 532 603 598 alias
632 531 864 615 Ἐνοσίχθονα,
896 534 927 599 id
959 543 1008 600 est
1041 543 1152 600 terram
1191 545 1375 613 moventem,

198 621 271 687 alias
298 617 520 705 bisentionis,
553 617 583 683 id
610 627 656 682 cst
685 618 904 697 stabilientem,
939 629 1064 684 vocant:
1100 619 1173 684 item
1199 619 1376 686 Mercurius

198 706 356 772 bominum
381 713 497 770 mentes
521 703 566 768 vel
589 703 696 769 oculos
718 711 749 767 et
769 703 881 769 excitat
897 712 928 769 ct
948 703 1043 790 sopit,
1068 712 1104 770 ut
1122 705 1165 770 ait
1185 713 1291 791 poeta:

326 791 443 855 Εἵλετο
466 786 501 853 et
521 785 656 874 ῥάβδον,
680 785 747 874 τῆί
770 785 903 873 ἀνδρῶν
924 784 1053 872 ὄμματα
1073 787 1194 872 θέλγει.

148 875 289 942 abunde
310 885 341 940 ct
362 874 551 960 Apollinem,
581 873 609 937 id
632 882 679 939 est
700 874 805 951 solem,
827 874 920 941 modo
939 875 1118 960 sospitatem
1145 874 1238 940 modo
1258 883 1375 959 pestem

200 959 442 1046 significantibus
473 959 705 1044 cognominibus
731 958 909 1038 odoramus,
942 980 1012 1025 eum
1040 969 1143 1026 tamen
1170 959 1265 1046 pestis
1295 979 1376 1045 quae

201 1046 240 1112 ab
273 1067 311 1111 eo
345 1044 443 1110 noxiis
477 1043 640 1110 inmittitur
672 1051 777 1130 aperte
813 1044 895 1110 bunc
932 1045 1025 1110 deum
1056 1045 1145 1111 bonis
1181 1064 1377 1130 propugnare

149 1130 359 1214 ursignifieet.
410 1129 489 1194 Hinc
519 1136 565 1193 cst
597 1129 681 1214 quod
716 1130 797 1226 apud
825 1129 1003 1216 Pachynum
1037 1129 1157 1196 Siciliae
1193 1138 1375 1215 promunto-

200 1216 280 1281 rium
316 1215 426 1313 Apollo
457 1213 632 1311 Libpstinus
658 1214 769 1278 eximia
802 1215 948 1299 religione
979 1214 1158 1280 celebratur.
1200 1215 1278 1281 Nam
1304 1235 1376 1279 eum

201 1299 312 1386 Libyes
341 1300 472 1365 invasuri
493 1298 625 1364 Siciliam
648 1298 772 1364 classem
792 1299 981 1385 adpulissent
1005 1301 1044 1365 ad
1066 1300 1098 1365 id
1120 1300 1377 1385 promuntorium,

202 1385 327 1470 Apollo,
356 1386 409 1470 qui
432 1383 473 1449 ibi
497 1384 624 1461 colitur,
646 1383 805 1450 invocatus
825 1385 863 1449 ab
887 1384 993 1450 incolis
1015 1386 1140 1450 inmissa
1160 1385 1302 1450 bostibus
1322 1404 1376 1469 po-

201 1477 248 1534 ste
269 1478 300 1534 et
321 1490 418 1556 paene
440 1469 557 1534 cunctis
581 1468 681 1533 subita
704 1477 803 1534 morte
825 1469 1000 1555 interceptis
1022 1469 1197 1557 Libystinus
1220 1471 1376 1554 cognomi-

149 1558 192 1622 25
202 1564 292 1620 natus
319 1563 374 1619 cst.
424 1555 542 1620 Nostris
569 1574 695 1639 quoque
724 1555 898 1620 continetur
921 1555 1080 1621 annalibus
1104 1555 1211 1620 similis
1238 1555 1375 1620 eiusdem

202 1640 251 1704 dei
276 1639 465 1724 praesentiae
494 1639 645 1704 maiestas.
694 1640 773 1705 Nam
802 1662 872 1705 cnm
902 1639 966 1704 ludi
994 1639 1112 1706 Romae
1135 1640 1269 1738 Apollini
1296 1639 1375 1704 cela·

202 1725 365 1789 brarentur
386 1744 424 1788 ex
449 1723 590 1788 vaticinio
617 1723 726 1788 Marcii
754 1725 831 1790 satis
853 1725 1047 1810 carmineque
1071 1725 1233 1811 Sibyllino,
1267 1744 1375 1809 repen-

202 1808 268 1874 tino
292 1808 390 1874 bostis
413 1807 545 1874 adventu
571 1809 656 1894 plebs
682 1809 720 1873 ad
743 1830 827 1874 arma
848 1810 978 1876 excitata
998 1811 1131 1876 occurrit
1150 1809 1248 1886 hosti,
1275 1827 1377 1894 eoque

202 1901 341 1979 tempore
364 1894 460 1958 nubes
483 1893 660 1980 sagittamm
687 1895 718 1958 in
743 1895 886 1962 adversos
912 1895 977 1960 visa
998 1894 1068 1960 lerri
1094 1905 1126 1960 et
1148 1895 1267 1960 bostem
1289 1894 1375 1992 iuga·

204 1981 246 2044 vit
267 1989 297 2046 ct
315 1979 445 2045 victores
467 1979 624 2044 Romanos
645 1978 684 2044 ad
707 1981 880 2064 spectacula
903 1980 950 2046 dei
972 1980 1126 2068 sospitalis
1148 1979 1284 2044 reduxit:
1304 1978 1377 2044 hinc

157 2163 160 2168 '
270 2150 349 2217 [Men.
368 2149 495 2204 ABGPS.

203 2232 232 2284 S.
256 2259 288 2271 -
312 2235 472 2287 novissime
492 2235 522 2285 A.
544 2261 577 2272 -
601 2228 704 2286 orii-uim
719 2233 768 2286 eui
785 2227 845 2302 cipe.
864 2229 965 2287 oritate
981 2234 1010 2286 S.
1113 2235 1154 2284 22.
1187 2240 1216 2286 et
1232 2241 1376 2302 nepeennn

203 2299 236 2351 Β.
254 2327 286 2339 -
311 2309 409 2353 terram
487 2301 516 2353 id
535 2309 573 2355 est
590 2319 644 2352 orn.
664 2301 696 2352 B.
724 2329 752 2340 —
781 2303 955 2355 stabilentern
971 2302 1001 2354 S.
1028 2330 1061 2368 ·.·
1088 2308 1185 2354 menter
1202 2303 1376 2362 ceuleimen.

203 2369 258 2429 oel)
275 2367 361 2419 ssvr.
397 2376 495 2422 menter
511 2377 542 2422 et
561 2370 649 2421 oculor
667 2373 746 2438 eti-g.
765 2397 800 2409 -
825 2362 1266 2436 Eun0J1ann.ll.e',eea.-
1283 2383 1378 2420 erano

204 2435 234 2487 Ρ.
259 2466 291 2475 -
315 2437 515 2490 cananaeos
536 2437 567 2489 Β.
589 2467 623 2478 -
647 2453 739 2489 sarar
758 2436 791 2490 Β.
827 2454 940 2489 rsarsn
958 2437 990 2491 P.
1093 2439 1137 2487 23.
1167 2436 1310 2489 inmittitur
1326 2453 1376 2487 no-

204 2504 256 2556 riie
274 2505 307 2556 G.
411 2508 453 2555 24.
487 2506 677 2573 Libertinos..
698 2507 795 2573 Apollo
812 2521 865 2556 om.
881 2505 934 2558 ΛΡ.
953 2534 985 2544 -
1005 2505 1103 2573 lybiee
1120 2505 1154 2556 G.
1192 2504 1375 2571 Litpeillrlrl.

236 2636 237 2639 Ἴ
305 2576 349 2622 25.
382 2572 440 2624 ludi
457 2575 510 2638 pri
517 2591 563 2625 mo
580 2574 680 2625 Romae
698 2575 778 2641 v-gb.
803 2573 956 2637 „Meliue.“
978 2574 1063 2624 Zenn.
1083 2598 1116 2611 —
1140 2573 1313 2625 celebrarent
1332 2575 1374 2621 vl.

204 2666 238 2677 -
273 2639 371 2694 Marcii
391 2638 519 2692 rte-nus.
555 2642 660 2693 Martii
680 2638 768 2709 Bs-g.
804 2641 896 2694 Morti
917 2639 948 2692 1³.
976 2669 1011 2681 -
1037 2640 1107 2693 lanati
1127 2640 1239 2693 occurrit
1255 2655 1317 2708 mg.
1343 2664 1377 2676 -

204 2785 409 2858 «tritemorian
422 2785 490 2857 into
503 2784 597 2845 αὐτῶν
609 2790 653 2865 τῷ
663 2785 765 2844 'Ante
816 2808 924 2844 mernor
935 2791 989 2845 0rl.
1001 2786 1105 2855 53516.
1123 2783 1273 2859 Ἀσφαλίων
1286 2792 1377 2844 lemn·

203 2860 280 2909 inor
297 2854 347 2925 τὴν
363 2856 510 2926 ἱκετηρίαν.
815 2859 861 2911 lue
878 2866 921 2911 eet
937 2857 1070 2911 Menelai.

235 2930 281 3043 ,Ἐῦ
313 2928 415 3043 fellisti
432 2927 549 2993 tiam]
571 2924 613 2977 οῗ·
634 2926 651 2989 5
674 2928 712 2977 ¹⁶·
851 2941 950 2995 Elicio
968 2942 1033 3011 cet]
1063 2942 1190 2994 Debebat
1216 2939 1379 3022 liacmbine

282 2994 427 3059 ⁰⁶l³⁰¹l⁰li
456 2992 607 3045 c⁰¹¹¹¹¹¹⁰li⁰
634 2992 766 3044 cmm
816 3010 921 3063 sidere
952 3026 1064 3064 versure
1085 3011 1142 3130 peri
1168 3016 1308 3074 aequuum
1338 2998 1379 3060 oie

205 3054 262 3107 vrri.
290 3058 326 3108 11.
356 3077 380 3125 p.
408 3064 470 3111 260.
501 3060 585 3113 affert
612 3059 703 3112 schol.
729 3058 763 3110 uel
815 3072 905 3131 mm
942 3071 1049 3138 ,0535
1066 3094 1086 3127 α
1105 3072 1197 3127 Μαι
1214 3069 1379 3137 {mamae

204 3124 288 3205 Hlm·
310 3126 362 3205 9¹¹·
386 3123 418 3190 ἄ,
442 3130 483 3205 Ξ4·
504 3122 724 3209 Ἐνθσῖῑξῗωῑζ»
747 3119 765 3176 ‘3
817 3114 949 3227 ipsio'ee.
987 3146 1046 3197 lton
1065 3151 1142 3196 recte
1161 3143 1284 3196 bonine
1307 3142 1379 3194 eite-

204 3208 266 3257 ”lv
288 3209 352 3259 W
375 3209 491 3244 ’‘ivm''
519 3190 768 3261 901151011Μῖ·
818 3217 859 3263 ert
880 3212 932 3265 oe.
952 3208 1100 3278 ei,2,ebi
1119 3211 1216 3263 eedem
1234 3212 1309 3274 lere,
1328 3210 1379 3262 eed

204 3272 289 3345 Wlf‘t·
475 3326 481 3342 ,
669 3321 678 3343 ,
745 3322 753 3343 ,
817 3278 884 3332 aliie
903 3280 1012 3346 verbio,
1040 3281 1184 3347 leguntur.
1217 3279 1306 3330 Recte
1329 3293 1379 3330 eu·

194 3378 198 3385 .
241 3325 415 3394 martana]
435 3328 516 3379 Aba·
535 3331 652 3379 vocatur
674 3329 768 3409 Ασφας
818 3354 875 3399 ren
902 3346 1378 3411 eateeievtag.sen.1t¹,aea.e

141 3466 145 3474 ι
184 3396 269 3455 ¹troc.
308 3394 348 3447 01.
372 3394 557 3479 §aetelbpd
580 3394 660 3446 Hom·
677 3394 715 3475 Ji·
737 3412 767 3477 (ξ,
821 3416 887 3466 Turn
907 3416 1014 3482 virgeae
1030 3417 1117 3483 cepit:
1146 3413 1380 3467 bernuinoeille

133 3485 137 3494 ·
203 3464 246 3513 ³⁶·
266 3482 293 3531 r·
312 3466 354 3513 ³2·
383 3463 477 3531 nenia
493 3482 546 3549 aar
566 3459 719 3542 Ποσειδῶν,
817 3490 910 3534 ...ωε
932 3483 1000 3535 orn
1019 3483 1162 3544 remen,
1179 3483 1251 3533 eren
1264 3482 1312 3534 na
1329 3481 1379 3533 ιη·-

201 3526 252 3613 Ιξῖθ
269 3530 457 3615 “filistiim
473 3550 505 3617 2⁰
526 3524 663 3650 Φθβεθὸέἀ
681 3514 755 3598 'fid
818 3551 870 3601 etin
891 3551 1009 3602 Tartaro
1028 3551 1127 3603 mittite
1158 3552 1224 3601 une
1250 3563 1380 3601 ecum

203 3601 378 3664 ασφαλιος
402 3615 435 3650 το
462 3616 601 3667 suppucia,
663 3614 702 3649 eoa
721 3593 768 3648 nat

204 3658 280 3728 ἥλιος
298 3666 335 3733 πῇ
350 3662 399 3729 μὲν
417 3660 579 3729 ἀπόλλων,
598 3662 681 3735 apt}
697 3658 768 3715 elte-

204 3728 349 3793 ξίκακος.
384 3731 513 3784 Crenaee.
538 3734 555 3785 1,
575 3750 598 3782 c.
618 3734 658 3784 uit
677 3732 769 3785 Mele-

206 3808 303 3847 temm.
326 3800 347 3846 1.
368 3814 395 3862 p.
414 3802 455 3851 31.
480 3800 542 3851 Not.
558 3805 601 3851 ao.
623 3816 654 3851 ee
678 3799 769 3850 diese-

205 3862 297 3913 rniese
321 3864 355 3913 ele
380 3864 432 3915 boe
458 3866 623 3931 cognomine
648 3874 676 3917 et
703 3882 770 3916 con-

205 3931 262 3981 lert
279 3926 425 3981 Heliodor.
448 3933 576 3999 Aetbiop.
599 3933 643 3984 t'l.
663 3950 690 3999 p.
707 3936 769 3984 2³2.

204 3997 283 4059 (cor.
312 4016 339 4064 p.
367 4000 450 4061 207.).
492 4000 612 4051 Peraean.
640 4000 701 4065 vn,
724 4003 768 4051 21.

203 4065 268 4130 (ubi
285 4063 393 4131 legitur
409 4058 595 4132 Ἀσφαλιαῖος)
613 4072 642 4118 et
657 4068 708 4129 111,
727 4070 768 4129 11,

203 4138 228 4184 ll.
248 4133 376 4185 Strabon.
391 4134 412 4193 1,
425 4150 450 4199 p.
463 4136 506 4183 51.
525 4135 566 4199 (p.
578 4138 635 4184 155.
645 4133 769 4200 Taeeh.)

203 4207 248 4263 et,
285 4202 332 4253 ubi
362 4202 572 4267 coniunguntur
600 4201 769 4269 cognomina

202 4260 343 4334 Ἀσφᾶλιος
366 4276 394 4321 et
416 4265 558 4336 Γαιήοχος.
583 4268 659 4321 ΡΙιι1.
676 4267 767 4321 Ther.

202 4336 254 4395 36,
274 4343 302 4387 et
317 4336 413 4389 Schol.
431 4339 465 4390 ud
485 4336 627 4404 Aristoplr.
646 4337 767 4389 Aebnrn.

203 4404 262 4451 5⁰9.
278 4406 337 4455 585.
368 4405 446 4458 Snirl.
472 4422 494 4457 e.
513 4405 542 4456 1ι.
562 4423 588 4458 v.
613 4406 690 4473 Apud
710 4405 768 4458 llo·

818 3618 1019 3685 adiecitque,
1047 3625 1071 3670 et
1090 3618 1194 3669 letina
1213 3624 1296 3669 morte
1312 3615 1379 3668 reei-

818 3692 896 3753 gunt.

851 3770 897 3817 28·
921 3768 995 3819 ionis
1008 3782 1094 3836 prope

819 3835 893 3887 benis
920 3851 956 3902 pn
998 3838 1075 3887 ore.“

820 3918 880 3969 eep.
898 3904 942 3952 20.
957 3853 1042 3970 git]
1063 3904 1123 3971 lpse
1136 3904 1253 3955 ererlitnr
1272 3902 1382 3970 Gigon-

819 3977 862 4023 tce
879 3971 1130 4034 intercutaneum
1150 3972 1244 4023 eaelo
1260 3984 1380 4037 prope-

818 4052 863 4106 gn
871 4040 972 4089 eret.“
983 4039 1075 4090 (inore.

852 4122 893 4170 51.
930 4122 1031 4203 Apollo
1053 4118 1216 4239 Libpetinnr]
1241 4118 1304 4171 Hoc
1326 4132 1381 4169 nno

820 4188 974 4253 loco,qnorl
989 4203 1089 4255 acram,
1122 4205 1155 4240 oc
1168 4189 1213 4240 der
1227 4200 1381 4256 cognomen

818 4261 1062 4308 commemoretur.

852 4342 894 4389 95.
933 4340 1032 4392 Marcii
1057 4339 1139 4405 vetis]
1166 4338 1208 4391 01.
1238 4339 1254 4400 §
1282 4338 1326 4386 28.
1354 4336 1382 4385 et

818 4404 876 4457 iad.
894 4412 968 4458 anet.

1135 3767 1192 3837 ere]
1208 3766 1259 3832 „lei
1271 3769 1316 3817 eet
1331 3780 1381 3830 pro

1124 3853 1190 3888 om·-
1219 3862 1253 3874 -
1282 3832 1382 3898 „inire
