3042 4900
333 841 566 941 Mutuom!
610 842 843 940 AllllllllSll
887 841 1145 942 'tttttttostt

606 1037 636 1078 V·
666 1037 695 1080 ὓ·
724 1037 766 1080 li'l'
796 1038 858 1080 titt..

143 1155 719 1274 coNvlvloth
765 1158 1111 1270 SECUNDI
1143 1161 1314 1272 ltltel

426 1347 1042 1416 SATURNALIORUM

497 1493 660 1574 LIBER
709 1495 953 1573 TERTIUS.

651 1687 803 1694 -—-—-———-

998 1807 1056 1864 [et.
1074 1807 1129 1865 ato.
1152 1811 1203 1856 vul.
1221 1813 1250 1858 ΙΙ.
1277 1823 1301 1866 p.
1325 1808 1359 1865 t.l

226 1881 250 1950 i.
295 1883 366 1926 “*
386 1884 531 1952 violeum
552 1907 621 1954 oum
642 1906 676 1952 se
696 1893 801 1952 nosset
822 1885 916 1952 mulla
938 1885 1032 1952 caede
1052 1887 1220 1971 pollutum:
1321 1889 1335 1951 l

938 2054 1008 2105 Edd-
1026 2053 1242 2122 rieshgspdelsJ

209 2134 241 2187 ln
260 2135 326 2188 Mus.
345 2137 423 2189 aulis
443 2145 485 2191 sst
503 2139 667 2207 inscriptio,
695 2138 750 2191 niul
770 2138 841 2204 qood
861 2137 889 2189 in
908 2137 955 2187 tta
975 2137 1079 2206 legitor
1098 2139 1125 2188 in
1147 2136 1311 2204 margines

136 2207 197 2258 vel.
215 2219 298 2256 manu
316 2205 501 2274 adscriptum:
518 2209 621 2260 'i'ertius
637 2209 700 2258 dies.
734 2207 766 2256 ia
781 2205 864 2256 [idda
883 2206 1011 2256 Maeroiii
1026 2207 1155 2256 Aurelii
1171 2205 1311 2255 Theodosii

137 2272 194 2324 oiri
211 2289 280 2323 cens.
300 2280 325 2325 et
342 2274 383 2325 ill.
402 2275 618 2326 Saturnaliorusn
634 2275 698 2325 liter
718 2275 770 2324 ill.
788 2273 882 2340 siehg.
915 2272 991 2322 Liber
1007 2273 1108 2322 tertius.
1135 2273 1214 2322 Deest
1231 2271 1310 2323 lsuisss

139 2339 215 2394 tertii
235 2341 296 2392 libri
315 2341 485 2408 principiam.
511 2357 537 2393 a.
579 2340 712 2393 Aurelii
730 2341 858 2391 Macrobii
879 2338 1020 2390 Theodosii
1042 2340 1074 2388 V·
1096 2340 1124 2391 C.
1143 2347 1167 2391 rt
1189 2339 1310 2391 inlustris

144 2407 332 2461 Conuiuiorura
351 2409 459 2459 seessadi
477 2409 532 2460 diei
550 2409 766 2461 Sutumaliomm
783 2407 848 2458 liter
862 2407 963 2458 tertius.
984 2405 1040 2456 ι-Ιι.

211 2476 234 2527 1.
274 2477 361 2543 Caput
380 2477 401 2526 1.
434 2476 518 2539 Quum
542 2482 664 2527 aeeurate
685 2474 820 2541 Vergilius
838 2474 868 2537 (u
894 2474 993 2542 Virg.)
1019 2475 1172 2540 expresserit
1192 2473 1308 2524 diuersos

139 2542 208 2595 ritus
226 2543 405 2607 sacrificandi·
424 2542 503 2592 eis-lu.
543 2544 607 2608 cap.
627 2543 646 2591 l.
671 2540 709 2591 ile
726 2544 780 2591 ritu
798 2554 940 2591 sacrorum.
960 2538 1013 2590 odi,
1117 2544 1141 2592 1.
1175 2542 1308 2592 Violatura

139 2626 200 2663 ουκ
223 2626 250 2660 se
266 2617 353 2661 nosset
371 2608 455 2658 multa
475 2608 554 2658 caede
570 2608 715 2674 pollutum:
746 2608 787 2659 'tu
810 2612 862 2657 cel.
880 2606 1031 2658 Aflssttus
1045 2606 1088 2672 (G
1105 2609 1231 2660 Aeneas
1248 2609 1306 2659 oio-

141 2675 291 2734 latum3P5
304 2675 439 2733 lotatum
452 2674 493 2724 Pe
509 2674 623 2725 inlatum
640 2690 697 2723 eum
713 2691 741 2725 se
754 2682 876 2737 noster,-
894 2673 917 2724 Δ
935 2690 952 2725 ιι
969 2691 1025 2725 see.
1039 2690 1076 2724 m.
1104 2675 1145 2726 Pr
1162 2684 1192 2727 et
1209 2676 1308 2735 multa,-

141 2740 168 2790 R
190 2741 305 2793 lolutuns
329 2758 385 2792 eum
408 2756 434 2791 ss
455 2744 557 2800 nosse).
606 2742 739 2793 l'islatum
759 2758 817 2793 eura
834 2758 862 2793 ss
882 2750 969 2793 nosset
990 2747 1023 2802 (r
1044 2748 1156 2801 nosset)
1180 2747 1307 2793 Aeaeus

140 2808 225 2859 saisita
243 2809 323 2861 caede
336 2808 478 2877 pollutum,
496 2809 531 2859 ai
537 2815 558 2859 t:
579 2810 618 2861 'l'u
637 2818 692 2860 eet.
708 2809 806 2860 v-st’s.
846 2810 926 2860 caede
942 2810 1085 2877 pollutums
1105 2810 1145 2861 'ils
1162 2816 1217 2859 eet.
1237 2811 1307 2875 (om.

142 2876 270 2927 uiolatum
294 2914 317 2927 ..
337 2877 437 2935 multa}
457 2874 487 2928 P.
535 2878 561 2936 ¹)
581 2877 643 2928 Gon
677 2878 811 2945 regatis
835 2877 869 2927 ia
894 2884 1038 2944 tempore
1063 2877 1247 2929 constituto
1271 2878 1305 2927 in

141 2942 233 2994 domo
256 2944 377 3007 l'ettii,
404 2942 457 3010 qui
474 2945 585 2995 uenire
605 2894 804 3009 sciuerunt,
824 2940 853 3009 ἱ)
870 2944 957 2997 inter
975 2944 1176 2996 saeaandusn
1195 2945 1305 3011 eoepit

142 3010 339 3081 Euangelus
373 3013 518 3065 Vettium
547 3012 665 3063 taliter
692 3012 906 3081 compellare:
937 3010 1081 3073 Dixisti,
1113 3013 1235 3078 inquit,
1263 3012 1305 3063 mi

145 3078 244 3141 Vetti,
266 3080 354 3131 inter
371 3080 477 3131 osenia
496 3080 613 3145 puilus
628 3080 745 3133 eminet
765 3082 841 3131 laus
859 3079 1006 3131 Maronis
1022 3079 1078 3131 lsoe
1100 3086 1131 3131 te
1152 3080 1304 3131 leetoresss

140 3146 311 3197 assiduum
331 3148 506 3211 admirari,
527 3148 603 3213 quia
623 3148 815 3199 deotissime
833 3148 885 3198 ius
900 3147 1129 3214 pontificium,
1146 3155 1304 3215 tanquan

139 3210 197 3263 lsoo
219 3218 412 3281 professus,
442 3216 476 3265 in
499 3216 609 3265 multa
631 3216 781 3267 etruria
806 3215 919 3283 operis
939 3216 993 3266 sui
1012 3221 1115 3281 parts
1139 3215 1303 3266 seroaoit.

142 3280 183 3331 Et
207 3283 234 3332 si
256 3289 376 3334 tantae
402 3282 660 3335 dissertationis
685 3298 789 3334 seroso
814 3300 877 3333 non
903 3282 1042 3344 eederet,
1069 3284 1098 3346 ⁸)
1115 3282 1305 3350 promisisti

131 3350 208 3413 sore
234 3357 269 3402 ut
291 3348 465 3465 l'erpils‘ss
488 3357 601 3401 noster
624 3350 781 3414 Pontifex
807 3350 968 3401 maximus
992 3350 1173 3401 uideretur.
1211 3348 1304 3399 Nune

138 3416 246 3483 igitur
261 3432 348 3485 eosap
371 3418 608 3483 emersissem,
624 3418 673 3467 uel
691 3432 863 3468 sermonem
883 3433 901 3467 a
919 3417 1079 3467 memoria
1097 3425 1156 3467 tua
1175 3415 1305 3465 eredasa

137 3487 290 3546 cessisse,
312 3484 364 3535 uel
381 3484 495 3549 potius
515 3484 705 3550 praesulem
723 3492 871 3536 nostrum
894 3484 1081 3550 Vergilium
1102 3481 1305 3545 Pontificem

137 3548 319 3616 ignorasse.
359 3552 445 3601 Tuae
469 3550 705 3603 Praetextatus
728 3552 859 3602 decenti
882 3550 1001 3601 rubore
1025 3551 1198 3614 perfusus:
1225 3547 1305 3608 Non,

137 3617 258 3684 iuquit,
276 3637 291 3670 a
310 3619 498 3685 Ilourgeia,
518 3626 657 3686 propter
672 3618 772 3669 oerla
793 3626 852 3668 tua
869 3617 978 3683 magis
995 3632 1082 3666 vana
1101 3630 1197 3681 quam
1214 3630 1304 3679 vern,

136 3686 191 3736 sed
207 3694 342 3753 propter
362 3688 465 3737 totius
484 3695 596 3739 coetus
622 3686 860 3745 reuerentiam,
886 3700 976 3750 quem
1000 3682 1068 3733 seio
1089 3681 1188 3733 aeide
1210 3682 1304 3733 istud

137 3754 265 3815 audire,
284 3756 456 3805 ostendam
473 3770 532 3805 nee
548 3771 592 3805 rae
610 3755 773 3805 sermonis
791 3752 940 3811 oblitum,
963 3767 1021 3801 aee
1040 3766 1206 3801 sacrorum
1228 3750 1304 3800 l'er-

136 3820 257 3886 gilium
281 3822 479 3889 imperitum.
514 3822 579 3873 ileo
606 3828 712 3873 autem
735 3828 850 3888 reputo
875 3818 1121 3888 principaliter
1144 3819 1303 3885 praemit-

170 3968 199 4032 ls
221 3974 244 4020 ¹·
279 3971 334 4003 m
358 3974 486 4025 violatum
507 3988 564 4023 essm
589 3986 616 4023 ss
633 3988 695 4023 nos·
746 3977 801 4023 tom
832 3968 1031 4037 disputationis
1057 3968 1141 4022 Vettii
1170 3967 1303 4018 Praelux-

134 4036 185 4105 set]
216 4036 277 4090 lioe
304 4038 390 4093 huius
415 4040 483 4092 libri
511 4040 627 4103 vulnus,
664 4042 696 4090 ut
745 4040 796 4091 tati
834 4040 869 4091 du
906 4039 953 4091 Vis
975 4039 1020 4090 ilii
1057 4037 1129 4090 iuris
1167 4031 1305 4102 pontificii

133 4105 205 4171 slis,
228 4122 319 4173 panno
337 4114 435 4159 assuto
452 4108 547 4160 velera
565 4112 694 4159 conatum
744 4106 880 4168 seientia,
909 4112 939 4159 ut
982 4123 1015 4157 oe
1034 4106 1146 4172 quidem
1173 4101 1235 4151 loeo
1254 4098 1304 4148 ds-

134 4171 173 4225 Ιι.
191 4174 347 4227 Paestanum
369 4176 492 4227 relaturi
512 4175 540 4227 in
564 4174 694 4293 proleffg.
745 4174 894 4227 monstrari
913 4182 1024 4239 poetam
1039 4188 1093 4223 noa
1111 4170 1303 4221 immemorem

136 4255 164 4304 p·
185 4256 278 4295 surr.
318 4242 393 4311 Quid
421 4242 612 4307 interciderit,
664 4260 695 4293 a·
745 4242 835 4295 luisse
870 4241 945 4308 legis
976 4240 1058 4293 illios
1086 4255 1102 4288 e
1134 4249 1189 4300 qun
1222 4232 1303 4313 speia·

135 4304 184 4359 oui
205 4306 275 4361 ibid.
297 4326 325 4376 p.
346 4327 418 4363 xum
436 4329 478 4378 sq.
510 4310 566 4363 Hie
586 4316 693 4363 mutam
744 4315 807 4363 srst
851 4323 931 4362 saera
976 4307 1118 4373 attingere
1158 4300 1301 4351 hominem

135 4386 236 4429 masso
251 4392 287 4429 sa
300 4392 374 4444 qaus
390 4378 535 4448 supersint
549 4394 612 4432 ssss
630 4393 694 4445 pss-
744 4377 832 4433 enode
848 4376 996 4443 pollutum.
