3042 4900
244 49 310 118 220
727 45 937 113 tmcnortu

199 221 416 286 15n0minant.
463 213 587 280 Marcus
611 213 703 279 etiam
724 213 804 280 Cato
828 214 879 280 illc
898 214 1064 281 Censorius
1091 223 1199 299 argute
1225 217 1318 283 locari
1346 221 1417 286 soli-

246 315 297 370 tus
323 311 378 370 est.
421 301 540 366 Horum
566 319 623 364 nos
646 301 684 364 ab
709 298 822 364 invidia
845 299 978 364 muniret
1002 301 1181 378 auctoritas,
1217 303 1338 368 etiamsi
1360 327 1417 370 no-

246 391 316 456 stris
338 385 560 454 cavillaremur:
588 391 710 449 etcum
734 385 887 450 veteribus
908 385 989 450 dicta
1006 383 1185 464 reseramus,
1217 387 1283 473 ipsa
1309 390 1418 476 utiquo

246 482 406 542 auctorum
432 469 579 554 dignitate
600 469 798 534 defendimur.
842 469 874 536 Si
896 489 969 554 ergo
991 470 1128 556 probatis
1147 471 1315 550 inventum,
1336 475 1418 560 agite

268 560 331 626 uod
357 557 469 640 cuique
497 554 535 618 de
560 553 649 618 dictis
675 554 787 620 talibus
813 554 844 618 in
870 562 1001 620 mentem
1027 555 1128 620 veniet
1149 556 1281 622 vicissim
1301 581 1417 626 memo·

198 647 320 712 lllnam
338 649 474 707 nostram
497 637 657 704 excitando
678 638 854 703 reseramus.
898 640 1019 704 Placuit
1040 641 1189 706 universis
1211 641 1344 708 laetitiae
1365 666 1416 710 ex·

246 731 377 816 cogitata
408 724 570 790 sobrietas:
605 732 637 788 et
655 731 692 788 ut
712 725 923 790 Praetextatus
949 724 1123 810 incipiendo
1143 727 1357 793 auctoritatem
1378 730 1417 795 de

245 813 383 900 exemplo
402 809 561 896 praeberet
580 807 692 873 hortati
714 817 794 874 sunt
1322 868 1326 874 .

331 899 373 962 ll.
417 896 497 960 Tum
520 893 584 976 ille:
606 893 731 958 Dictum
752 893 822 958 volo
841 891 938 958 hostia
960 891 1082 972 reterre,
1102 894 1156 959 sed
1177 895 1250 960 victi
1272 906 1304 961 et
1328 899 1416 964 cuius

246 982 394 1052 memorie
423 979 571 1044 instaurat
599 979 809 1044 Romanorum
839 977 1020 1064 triumphos.
1075 979 1227 1045 Hannibal
1258 982 1415 1067 Cartbagi-

246 1069 360 1138 niensis
381 1087 398 1130 a
419 1064 461 1129 ud
481 1084 582 1148 regem
605 1063 793 1130 Antiochum
813 1062 959 1149 profugus
979 1062 1161 1129 facetissime
1181 1067 1335 1133 cavillatus
1359 1078 1418 1135 ccc

216 1157 293 1224 rua
321 1085 470 1218 cavilidtio
494 1147 707 1214 huiuscemodi
733 1147 799 1214 luit
843 1147 1036 1213 Ostendebat
1052 1149 1225 1216 Antiochus
1250 1152 1283 1215 in
1306 1174 1415 1239 eampo

245 1239 350 1326 copias
369 1237 507 1321 ingentes
529 1253 606 1320 quaa
627 1235 739 1300 bellum
764 1232 880 1332 populo
901 1233 1043 1298 Romano
1065 1234 1201 1302 lactnnrs
1231 1256 1414 1323 conparare

244 1333 305 1403 rat,
337 1321 594 1470 convertebatppe
623 1319 789 1385 exercitum
816 1316 985 1402 insignibus
1011 1320 1159 1402 argenteis
1183 1329 1216 1385 et
1236 1322 1337 1386 aureis
1359 1324 1414 1388 llo·

195 1416 396 1500 perspectam:
426 1406 536 1471 induce
559 1412 590 1470 at
612 1404 704 1470 etiam
726 1424 834 1468 eunus
855 1423 925 1467 cum
947 1402 1072 1469 falcibus
1095 1412 1126 1471 ct
1145 1405 1323 1491 elephantos
1345 1430 1414 1474 oum

244 1495 380 1562 turribus
412 1491 644 1576 equitatumque
676 1489 767 1554 irenis
800 1497 831 1554 et
864 1487 1029 1578 ephipiis,
1062 1489 1226 1556 monilibus
1254 1513 1290 1556 ac
1304 1489 1415 1558 ‘faleris

244 1577 490 1668 praelulgcntem.
534 1581 561 1641 Α
620 1596 637 1640 a
659 1575 701 1640 ibi
722 1595 777 1640 rex
798 1509 1055 1658 contempiatione
1077 1575 1154 1640 tanti
1178 1585 1209 1641 et
1229 1583 1292 1642 tem
1316 1580 1415 1644 ornati

246 1662 396 1730 exercitus
418 1660 577 1744 gloriabun
599 1681 636 1726 us
659 1658 860 1725 Hannibalem
882 1658 991 1744 aspicit
1010 1667 1055 1723 et:
1075 1662 1216 1737 Padusae,
1239 1662 1348 1747 inquit,
1365 1688 1413 1729 rc-

216 1751 283 1818 3tc'a
311 1769 371 1814 esse
394 1745 541 1810 Romanis
563 1745 635 1810 baec
662 1746 787 1810 omnia?
839 1744 1076 1809 runceocnus
1108 1745 1233 1811 eludens
1266 1747 1414 1833 ignaviam

246 1831 462 1915 inbelliamque
484 1829 612 1896 militum
634 1829 700 1896 eius
722 1828 854 1915 pretiose
874 1835 1074 1895 amatorum:
1101 1831 1209 1909 Hanc,
1231 1831 1344 1918 inquit,
1364 1859 1413 1900 ro·

312 2001 391 2071 [uu.
414 1997 564 2052 lecese.

244 2085 344 2154 „Nihil
361 2084 390 2136 id
409 2082 491 2150 novi,
518 2099 580 2136 nam
600 2082 656 2136 ianr
677 2083 813 2135 doceant
830 2099 864 2136 ex
880 2081 1025 2134 Cicerone.
1058 2081 1113 2134 see
1131 2083 1208 2134 alind
1229 2084 1291 2138 vult
1308 2091 1336 2139 ct
1353 2104 1414 2139 eer-

244 2163 291 2207 ναι
304 2152 388 2219 liber,
400 2151 428 2204 in
445 2167 514 2217 quor
533 2152 673 2206 dicteria.“
690 2151 770 2204 Parit.
872 2155 914 2202 15.
941 2151 1066 2204 eeeeeri
1083 2157 1159 2219 (rap.
1178 2153 1275 2217 iocari)
1293 2154 1376 2206 (1.-
1396 2175 1413 2207 ο

243 2222 372 2276 veteribus
390 2235 500 2287 v-g.-
517 2219 655 2272 excitanda
671 2222 825 2284 reserentur
847 2223 924 2286 [nup.
942 2219 1003 2269 add.
1021 2221 1049 2282 r)
1067 2217 1100 2270 B.
1204 2224 1244 2272 ld.
1273 2223 1365 2274 ellare
1384 2233 1414 2276 at
1518 2276 1519 2283 ,

244 2290 265 2343 Λ
284 2288 395 2357 puncti·
412 2285 514 2354 peritia
528 2287 580 2338 aab
596 2288 666 2348 lam,-
683 2286 756 2352 „B“.
790 2294 816 2339 et
833 2287 908 2337 idea
924 2294 955 2338 at
975 2286 1058 2354 Sug.

313 2356 349 2408 ΙΙ.
388 2358 475 2422 Capul
494 2355 531 2406 ll.
559 2355 600 2406 Dc
617 2355 778 2406 diverroruer
794 2355 858 2405 loeis
876 2361 955 2421 etpue
971 2353 1096 2406 dicteriia.
1120 2351 1199 2404 cla-b.
1239 2356 1305 2423 cap.
1323 2357 1345 2408 1.
1375 2358 1415 2410 De

243 2425 369 2479 eurem.
380 2423 435 2479 vat.
465 2421 496 2475 In
515 2425 548 2475 al
568 2428 612 2475 ert
629 2421 725 2475 littera
740 2420 841 2489 maior,
859 2421 908 2473 red
925 2420 1073 2489 inscriptio
1090 2421 1178 2474 nella.
1215 2426 1238 2474 1.
1262 2424 1413 2489 Quanta.

247 2494 340 2545 'l'ucer
358 2490 377 2543 i.
478 2494 505 2543 2.
533 2491 578 2543 lia
599 2527 623 2543 ..
642 2492 675 2543 da
691 2491 842 2557 proedo&
859 2488 910 2557 8.)]
930 2488 1062 2542 cecam
1082 2488 1115 2542 N.
1132 2490 1162 2541 Α.
1182 2488 1213 2557 ll,
1230 2494 1298 2543 laet
1316 2493 1413 2547 leaeo.

244 2560 389 2613 {arrabea
408 2559 453 2625 Vl,
468 2562 509 2610 19.
528 2584 561 2597 -
584 2558 755 2611 Oltendebet
773 2556 803 2607 P.
826 2586 860 2597 -
876 2557 1007 2623 foecibus
1025 2573 1079 2626 με
1095 2563 1130 2623 (g
1150 2556 1178 2609 io
1198 2574 1254 2626 mg.
1267 2559 1412 2625 fulcitur).

243 2629 369 2680 curribus
385 2626 415 2676 V.
434 2652 465 2664 -
483 2626 633 2677 mobilibus
648 2642 674 2676 r.
691 2654 722 2664 -
741 2624 866 2692 pbalerie
883 2623 1018 2693 r-ag-bP.
1051 2624 1182 2692 phalaris
1201 2625 1230 2677 b.
1249 2654 1282 2665 -
1301 2644 1340 2679 rec
1356 2638 1414 2681 toea

243 2695 298 2747 ΡΨ.
316 2720 348 2734 -
366 2694 482 2761 larpiclt
499 2708 514 2743 ο
533 2692 639 2759 aeripto
655 2692 739 2745 affert
756 2692 898 2744 Pantanus
914 2694 1032 2744 addecet
1045 2692 1162 2755 „Glcae
1175 2694 1295 2762 incipient,
1310 2689 1415 2764 luadii-

241 2778 294 2815 οιει.
319 2761 430 2815 Petron-
455 2759 581 2813 draiton
601 2762 739 2827 Aea-par
753 2760 882 2827 inspicere
899 2760 1056 2829 diligentiae
1073 2762 1176 2827 coepi“.
1194 2770 1224 2812 et
1240 2762 1268 2812 in
1286 2764 1414 2815 auctario

242 2837 385 2884 notarum:
410 2829 522 2895 „Quam
545 2826 695 2880 leetlcnem
719 2826 866 2879 confirmat
884 2826 1045 2880 Scriverius
1060 2827 1201 2879 Martialis
1216 2830 1259 2880 eui
1275 2830 1337 2881 loco
1355 2832 1415 2899 [1],

242 2903 286 2963 82,
300 2896 351 2965 ηε
371 2899 518 2965 lnrpectuat
536 2898 610 2951 celat
625 2904 706 2949 emtor
720 2904 769 2951 aet
785 2896 885 2948 hairto
903 2902 932 2948 et
947 2894 1043 2948 allie.“
1078 2896 1113 2947 dr
1131 2895 1160 2948 in
1177 2896 1201 2948 Δ
1220 2904 1264 2949 eat
1280 2900 1386 2967 repicit.

241 3064 300 3115 riae
350 3061 450 3128 Quibur
486 3068 582 3114 amant
620 3063 647 3114 r'a
687 3063 804 3116 Graecia
852 3080 911 3114 rum
931 3064 1023 3128 secere
1050 3064 1135 3126 dicta,
1162 3071 1197 3116 ut
1225 3082 1263 3117 eu
1289 3084 1371 3135 pace
1394 3087 1414 3121 rr

243 3130 414 3183 dicteria.“
432 3129 521 3180 roan.
542 3156 570 3167 -
593 3129 686 3192 „ller‚
711 3130 804 3195 inquit
852 3147 928 3182 rene
943 3131 1067 3183 Catone
1084 3133 1225 3184 collecta
1242 3143 1328 3199 runt,
1344 3152 1415 3203 paee

244 3198 387 3249 Garnerue
405 3194 433 3247 in
450 3195 555 3257 Thea,
578 3194 642 3261 ipra
660 3214 676 3248 e
693 3196 803 3249 Graeco
852 3206 947 3251 vocant
966 3192 1181 3266 ἀποφθέγματα,
1198 3201 1222 3251 ei
1240 3204 1322 3253 mado
1340 3203 1415 3255 baec

242 3264 333 3331 petita
354 3268 411 3327 aet,
458 3262 505 3315 nia
528 3258 666 3331 δεικτήρια
688 3265 803 3331 proprie
852 3266 926 3317 idem
945 3266 1085 3318 retentae
1120 3283 1171 3318 aec
1188 3284 1220 3319 ex
1238 3286 1283 3320 ore
1303 3272 1415 3324 Catonia

241 3332 407 3385 dicebantur
459 3330 514 3383 icta
545 3346 618 3397 qaae
649 3332 803 3385 lundebant
853 3335 962 3386 collecte
983 3342 1044 3386 ruat
1067 3284 1118 3400 (οἵ.
1142 3350 1186 3400 ep.
1212 3335 1246 3386 ad
1269 3337 1333 3389 lam.
1359 3338 1414 3403 ΙΙΙ,

240 3400 361 3454 namatii
376 3414 490 3453 acerrae
504 3396 532 3451 io
546 3396 628 3451 initio
640 3399 801 3452 tabularum
854 3404 897 3466 18,
918 3405 942 3451 l.
965 3402 1059 3469 pullae
1076 3416 1128 3469 ego
1143 3418 1162 3453 a
1178 3403 1244 3454 toli
1262 3407 1333 3457 viro
1348 3424 1413 3458 ece-

239 3470 274 3523 ad
297 3469 461 3539 colliganda
479 3466 573 3519 eludia
595 3473 801 3535 spectatorum
853 3477 941 3522 tentae
958 3484 1046 3531 mam,
1063 3469 1193 3520 blriocbn.
1211 3471 1275 3522 Gel.
1294 3474 1416 3543 dneeig.

238 3555 388 3607 quaecum
408 3542 503 3591 errent
518 3536 652 3603 pleraque
666 3534 802 3587 ridicula·
855 3540 929 3588 retr.
948 3533 980 3586 N.
997 3538 1082 3596 m).
1106 3534 1161 3587 Sed
1180 3554 1269 3605 nuper
1283 3556 1341 3591 nm
1359 3542 1417 3592 cln-

240 3607 298 3669 ria‚
328 3608 383 3659 hoc
403 3604 571 3658 vocabalum
595 3602 622 3655 in
645 3604 802 3656 maledicae
853 3603 928 3656 biara
945 3602 1016 3656 mibi
1035 3604 1217 3656 reddiderant
1233 3623 1266 3658 ea
1279 3624 1351 3673 qnae
1370 3609 1418 3660 le-

239 3671 583 3791 ⁹¹⁰⁰A⁸Ji¹⁸²ip⁸³25⁸s¹³⁵df¹
597 3670 801 3791 :pilg‘gppe-
852 3678 958 3791 gandtar
984 3671 1096 3791 dedet}
1112 3670 1154 3791 ¹3¹⁹
1176 3676 1224 3738 er,
1246 3678 1307 3795 21Ιὲ
1340 3677 1417 3761 Nan·

240 3766 273 3778 -
358 3756 513 3793 carra.
681 3777 688 3790 .
759 3756 802 3791 ar·
887 3758 903 3790 ο
955 3756 1018 3791 aa
1097 3756 1292 3795 eoeemer
1378 3764 1394 3795 u

239 3776 801 3865 burarrideedc'cleria'dici’er'aamaea.
851 3756 1162 3859 guntrai'erattrcct.
1312 3780 1320 3806 ⁹
1355 3760 1373 3811 q
1403 3764 1416 3798 ι

276 3876 316 3925 1⁵.
356 3875 420 3924 Calo
507 3880 606 3941 arguta
629 3874 712 3925 iocari
737 3875 802 3925 roll·
886 3874 927 3936 lt,
949 3878 975 3924 2
1014 3875 1232 3941 enumeratque
1257 3878 1415 3945 amellam]

239 3946 282 3992 trra
308 3938 358 4005 ert]
385 3937 429 3989 Cl.
451 3938 598 3990 Plutarch.
623 3938 684 3990 Cat.
711 3940 748 3991 bl.
772 3946 801 3993 t.
851 3940 894 3992 cl.
913 3940 994 3993 Gaea.
1011 3940 1043 3991 ll.
1060 3942 1094 3993 G.
1111 3942 1198 4006 mo,
1216 3947 1241 3992 t.
1261 3952 1289 3995 et
1307 3944 1348 4008 ll,
1364 3948 1416 4011 κ,

243 4001 385 4071 Τοιαύτην
423 4000 453 4055 dt
491 4020 553 4056 τινα
590 4004 719 4071 φαίνεται
753 4006 802 4060 aral
852 4009 966 4072 l.3blr.
984 4008 1060 4072 tut,
1078 4013 1120 4072 ll,
1136 4012 1162 4059 4.
1181 4014 1417 4093 concararigea.

240 4066 257 4124 d
287 4068 367 4139 λόγος
394 4070 445 4123 τοῦ
474 4066 577 4137 ἀνδρὸς
606 4068 683 4124 ἰδέαν
716 4070 798 4140 ἔχειν·
848 4076 911 4128 Ηοο
930 4077 992 4127 Ιοοο
1009 4076 1140 4129 ‹lecnrelo
1164 4079 1307 4131 exercitur
1331 4082 1419 4131 arde·

240 4133 558 4207 ...φιλοσκώμμων
580 4136 628 4190 ecl
649 4134 799 4209 αὐστηρὸς,
850 4150 896 4196 tar
921 4160 984 4195 carc
1005 4143 1203 4212 intelligenda.
1239 4146 1300 4198 l'id.
1322 4146 1419 4199 ieter-

238 4200 554 4274 ἀποφθεγματικὸς
582 4203 628 4257 ecl
658 4200 799 4273 circatore·
849 4217 943 4279 preter
961 4210 1049 4262 Gellii
1068 4214 1088 4263 l.
1106 4230 1130 4264 c.

238 4272 294 4337 κός.
329 4273 463 4326 Fortasse
488 4272 544 4324 buc
569 4274 708 4326 trahenda
734 4282 800 4328 ruat
882 4281 908 4330 δ.
946 4280 1094 4346 tabellione]
1123 4278 1226 4331 Fertne
1252 4296 1299 4347 ap.
1327 4280 1416 4335 Panl.

238 4356 273 4457 p:
290 4356 369 4461 ppacp
388 4342 523 4461 lpgnrppppr
540 4340 799 4478 ffiffizuaenffi
849 4344 953 4465 lbilphlb
970 4362 996 4427 p:
1015 4346 1188 4468 lpilhbluell.
1207 4348 1417 4416 interpretatur

333 4448 338 4459 .
371 4447 379 4473 ‚
434 4448 441 4473 ,
511 4448 516 4461 .
729 4429 745 4462 u
866 4430 880 4465 e
929 4430 1027 4466 cerem
1051 4431 1102 4466 ο.
