3042 4900
191 56 263 118 Vlll
703 74 893 117 undenario.

194 222 342 297 laborant,
362 238 400 285 ne
420 218 508 303 potui
529 218 653 303 quidem
676 218 714 281 ad
734 239 789 283 eos
807 216 987 283 indicandos
1005 219 1135 299 addere,
1152 228 1189 285 ut
1209 206 1343 300 libat,
1362 242 1409 287 aa·

195 328 310 385 asntus.
352 321 401 384 De
418 320 488 385 loeo
510 318 654 383 Plautino
673 318 727 402 qui
749 318 859 402 legitur
874 318 938 383 Sat.
954 320 1013 398 111,
1034 319 1085 398 to,
1103 322 1134 385 2.
1153 341 1251 407 nuper
1272 323 1410 387 consului

194 422 229 485 F.
251 422 478 497 Rrracnasrua,
500 419 552 504 qui
575 438 655 503 quae
678 436 734 503 pro
758 418 877 504 wagio
899 438 955 485 sua
975 420 1166 486 humanitate
1187 442 1306 487 mecum
1328 442 1410 486 aorn-

195 518 361 585 munioavit
379 540 442 585 non
464 536 590 603 possum
610 518 686 603 quin
708 518 757 583 bia
780 540 901 603 ponam.

279 621 395 711 Versus
413 618 480 685 illos
497 619 692 683 Baaaariae
713 618 767 703 (sie
787 640 901 685 noman
919 618 1041 685 labulao
1059 639 1128 685 esso
1144 620 1349 703 scribendum)
1371 619 1413 685 ait

195 717 250 781 Vir
279 718 473 785 Clarissimus
498 719 589 803 vulgo
615 719 721 785 baberi
747 740 804 805 pro
828 718 980 785 Saturniis
1009 727 1041 785 at
1070 720 1137 786 sius
1163 720 1283 804 generis
1309 738 1413 787 narsus

195 818 238 883 sia
257 818 320 884 lere
339 840 430 904 posse
450 820 612 884 constitui:

195 954 268 1013 Quis
287 954 453 1007 andr-talisi
475 952 558 1005 tratri
580 952 713 1017 sariram·
734 952 859 1018 affe'etanr
874 952 1008 1018 ampsani

196 1036 290 1097 Quam
314 1050 365 1102 epo
388 1036 464 1087 sidric
487 1052 549 1089 suni
573 1037 676 1102 uriom
697 1034 793 1088 odalrl
807 1034 813 1104 Ι
827 1034 898 1087 ltae'c
919 1034 1059 1101 porla'lar
1080 1032 1212 1101 pompal

203 1120 250 1168 Vel
272 1118 326 1169 lic
348 1124 397 1185 pal
420 1120 488 1171 mill
512 1116 786 1187 acipe'aaerllcitail
812 1120 843 1169 a'n
868 1123 944 1170 mart
968 1117 1092 1169 dalaiae

200 1200 288 1253 llius
312 1201 391 1254 leitila
412 1207 443 1254 ln
467 1202 595 1255 latebras
618 1200 737 1254 re'ddani
752 1200 758 1270 Ι
773 1200 906 1255 alandria
929 1200 1074 1253 etardus.

281 1314 342 1380 Sed
375 1336 470 1401 quum
497 1314 623 1380 omnino
647 1314 810 1381 verisimile
837 1336 899 1379 non
925 1323 1006 1380 esset
1032 1316 1176 1380 Plautum
1206 1316 1416 1403 aomposuisso

196 1434 301 1479 versus
322 1416 491 1493 Saturnios,
514 1434 570 1479 neo
588 1414 824 1492 vehementiore,
846 1414 939 1479 immo
960 1414 1085 1493 leviore,
1108 1436 1186 1500 opus
1206 1423 1287 1481 esset
1305 1416 1414 1481 immu-

196 1513 327 1593 tatione,
360 1523 397 1581 ut
423 1515 616 1581 allicerentur
638 1515 747 1601 optimi
772 1514 933 1599 septenarii
962 1514 1101 1592 iambici,
1126 1535 1189 1599 quo
1215 1523 1313 1580 metro
1332 1517 1415 1580 illurn

198 1620 319 1695 poetam
340 1614 514 1700 saepissime
536 1636 625 1681 usum
647 1636 714 1681 esse
734 1622 901 1690 constaret,
931 1612 975 1677 sia
996 1614 1099 1697 potius
1120 1615 1178 1679 bos
1196 1634 1301 1679 vemas
1321 1615 1416 1681 videri

199 1732 265 1777 esse
286 1714 476 1780 scribendos:

199 1847 269 1907 Quia
292 1846 493 1901 salmariam
518 1848 587 1901 teiln
611 1850 698 1898 tona
723 1848 847 1911 [ortana
872 1846 994 1913 affectas
1022 1845 1155 1912 rimosam

200 1929 294 1991 Quam
316 1946 367 1996 epo
389 1928 466 1981 naiso
489 1946 566 1995 sana,
590 1934 694 1996 anatra
720 1932 792 1985 laec
814 1930 996 1997 [dapsilis]
1014 1930 1110 1981 ventri
1131 1932 1271 1995 portatur
1287 1929 1417 1997 pdmpal

205 2014 253 2063 νει
277 2013 340 2065 liae
364 2018 414 2079 aut
436 2016 506 2065 mitt
531 2014 562 2065 ln
584 2018 662 2065 mart
687 2040 714 2050 —
739 2010 893 2079 salpinati·
916 2016 1005 2066 latuit
1026 2010 1158 2076 deletae,

199 2096 233 2145 ln
255 2093 384 2148 ldtebras
408 2100 470 2147 nara
492 2092 612 2147 redddm
638 2098 716 2149 latua
737 2100 808 2148 neeis
828 2095 960 2147 de'ntltna
981 2098 1011 2147 et
1030 2093 1127 2147 ordita.

284 2210 372 2275 Bona
389 2213 514 2296 [ortona
537 2209 674 2274 similiter
701 2210 759 2293 legi
781 2210 811 2272 in
830 2207 989 2274 Aulularia
1007 2210 1049 2292 (l,
1072 2209 1109 2285 3,
1128 2209 1206 2291 22),
1225 2210 1307 2293 apud
1330 2210 1417 2275 Cios·

199 2327 304 2374 ronem
329 2310 370 2394 (in
397 2310 483 2373 Verr.
507 2310 568 2385 lV,
591 2307 626 2386 3,
649 2310 704 2394 7.),
739 2328 892 2396 saepeque
917 2309 948 2373 in
978 2306 1225 2393 inscriptionibus
1246 2311 1280 2373 F.
1303 2310 1340 2374 B.
1373 2312 1422 2375 Vel

200 2412 241 2494 (v.
260 2410 300 2495 3.)
328 2410 409 2476 idem
432 2430 498 2476 essa
520 2431 555 2476 ac
586 2410 663 2476 velat
697 2418 728 2476 et
755 2409 814 2495 legi
840 2410 886 2476 ael
915 2410 964 2477 lia
990 2408 1033 2474 sio
1058 2408 1146 2474 etiam
1175 2408 1264 2487 alias,
1296 2417 1333 2475 ut
1353 2410 1419 2475 bla-

199 2511 303 2575 naoeh.
326 2513 368 2588 V,
390 2512 426 2588 2,
449 2513 518 2575 119.
562 2513 598 2574 ln
618 2510 726 2576 ultimo
755 2532 845 2578 versu
874 2511 977 2575 minus
1006 2509 1192 2596 probandam
1222 2533 1290 2587 esse
1311 2512 1419 2578 verbo-

200 2629 266 2674 rum
299 2611 544 2676 collocationem:
573 2613 646 2678 Eira
675 2617 709 2676 la
737 2613 863 2677 latebras
889 2611 1013 2677 redddm
1034 2613 1121 2678 latras.
1165 2615 1292 2678 Aroes
1321 2615 1419 2678 mani-

199 2711 265 2788 bus,
301 2731 380 2797 quae
416 2709 491 2776 lalso
521 2713 674 2795 legeretur
700 2712 781 2796 apud
804 2712 1013 2788 Macrobium,
1047 2712 1139 2776 nimis
1169 2722 1320 2777 remotum
1353 2733 1422 2777 essa

199 2811 349 2874 maxillis:
376 2811 426 2874 vix
450 2811 491 2874 illi
516 2811 606 2876 aetati
628 2812 720 2876 tribui
742 2832 832 2895 posse
852 2811 1050 2883 mandibulis,
1080 2809 1134 2873 sed
1156 2812 1247 2875 etiam
1269 2815 1358 2876 malr's
1377 2811 1421 2874 la-

199 2905 255 2970 ailo
277 2907 307 2970 in
332 2907 411 2970 illurn
434 2929 540 2972 vocem
568 2909 704 2993 potuisse
733 2908 860 2974 mutari:
893 2910 1027 2972 danila
1050 2908 1198 2988 producta
1229 2911 1335 2972 ultima
1363 2909 1421 2992 syl·

203 3006 270 3069 laba
290 3005 370 3090 apud
394 3005 538 3070 Plautum
561 3029 621 3071 non
643 3029 709 3072 assa
730 3005 1021 3090 reprehendendum.

286 3104 523 3169 adnotationem
563 3105 722 3189 largiorem
766 3104 980 3186 flagitaverant
1020 3123 1070 3168 res
1112 3103 1143 3166 in
1178 3102 1421 3170 saturnaliorum

201 3205 285 3269 libris
314 3213 473 3276 tractatae;
508 3205 559 3269 sed
591 3213 693 3269 minen
721 3205 836 3269 serrari
866 3223 958 3287 quam
982 3201 1057 3266 milri
1085 3223 1304 3288 proposueram
1328 3205 1422 3269 ratio

200 3323 279 3368 nem.
339 3304 563 3388 interpretabar
598 3303 716 3388 potius,
750 3312 888 3369 veterum
921 3303 1104 3386 scriptorum
1138 3303 1318 3388 plerumque
1356 3323 1421 3369 ver·
1458 3346 1463 3357 -

201 3405 261 3482 bis,
296 3412 444 3491 quantum
469 3403 588 3469 valebat
613 3409 699 3468 curta
731 3403 881 3487 supellex,
921 3423 956 3468 ea
985 3422 1066 3488 quae
1097 3402 1217 3486 scripsit
1236 3403 1423 3480 Macrobius,

201 3526 293 3592 quarn
314 3506 402 3571 anxie
422 3505 622 3589 quaerebam,
643 3512 783 3570 essentne
803 3523 872 3568 vera
894 3523 973 3588 quae
994 3503 1130 3568 doceret:
1154 3502 1236 3586 quod
1258 3503 1283 3566 si
1309 3502 1422 3567 voluis-

202 3626 265 3667 sem
295 3607 409 3689 ubique
440 3604 550 3684 lacere,
586 3604 634 3669 vix
665 3603 847 3668 invenissem
876 3603 981 3678 finem,
1019 3603 1051 3666 in
1085 3603 1177 3668 rebus
1210 3602 1423 3686 mythologiois

202 3705 378 3786 praesertim
409 3712 441 3767 et
462 3705 493 3767 in
519 3703 820 3787 interpretationibus
847 3703 1008 3766 verborum
1030 3701 1165 3784 Virgilii:
1192 3701 1245 3766 sod
1272 3702 1301 3764 id
1325 3723 1422 3785 genus

204 3823 282 3886 «pareo
304 3803 370 3867 aliis
391 3802 464 3867 loeis
485 3811 587 3867 essent
608 3805 647 3866 ab
669 3803 735 3867 aliis
759 3803 912 3886 disputata
936 3821 997 3864 non
1020 3801 1196 3866 omittebam
1220 3802 1361 3865 oonsnlto
1386 3803 1423 3862 ⁶⁸.

203 3969 430 3982 *ιφ-ψ-
440 3973 492 3980 .....-.
501 3971 551 3978 ...m
563 3971 589 3978 .....
598 3973 604 3976 .

361 4085 448 4134 Nostri
465 4083 587 4148 maiores,
606 4085 689 4136 adlati
707 4086 868 4136 battualia
887 4086 1032 4149 instituere,
1052 4085 1100 4136 boc
1115 4087 1219 4152 optima,

354 4183 371 4214 a
384 4168 609 4232 frigescamus
621 4167 711 4227 so‘asra
728 4167 785 4216 dies
804 4169 899 4234 septem
915 4168 1084 4218 saramalla.

273 4249 300 4309 ⁸)
319 4248 358 4296 Ad
377 4247 434 4296 Sal.
450 4247 479 4308 l',
500 4252 538 4313 ia,
557 4251 638 4313 Qaqq
668 4250 755 4300 addas
776 4249 802 4299 id
819 4249 890 4314 qrrod
911 4250 1070 4315 nuperrime
1089 4247 1180 4313 (Nerio
1197 4247 1294 4324 lnlrrlr.
1314 4249 1333 4298 l.
1350 4247 1423 4298 l’lail.
