<?xml version="1.0" encoding="UTF-8"?>
<!DOCTYPE html PUBLIC "-//W3C//DTD XHTML 1.0 Transitional//EN"
    "http://www.w3.org/TR/xhtml1/DTD/xhtml1-transitional.dtd">
<html xmlns="http://www.w3.org/1999/xhtml" xml:lang="en" lang="en">
 <head>
  <title>
</title>
<meta http-equiv="Content-Type" content="text/html;charset=utf-8" />
  <meta name='ocr-system' content='tesseract 3.04.00' />
  <meta name='ocr-capabilities' content='ocr_page ocr_carea ocr_par ocr_line ocrx_word'/>
</head>
<body>
  <div class='ocr_page' id='page_1' title='image "./macrobiiambrosi00jangoog_0013.png"; bbox 0 0 3042 4900; ppageno 0'>
   <div class='ocr_carea' id='block_1_1' title="bbox 661 50 1368 118">
    <p class='ocr_par' dir='ltr' id='par_1_1' title="bbox 661 50 1368 118">
     <span class='ocr_line' id='line_1_1' title="bbox 661 50 1368 118; baseline 0.014 -13"><span class='ocrx_word' id='word_1_1' title='bbox 661 64 855 111; x_wconf 77' lang='lat' dir='ltr'>rsannsrro.</span> <span class='ocrx_word' id='word_1_2' title='bbox 1321 50 1368 118; x_wconf 74' lang='lat' dir='ltr'>lx</span> 
     </span>
    </p>
   </div>
   <div class='ocr_carea' id='block_1_2' title="bbox 182 207 1367 300">
    <p class='ocr_par' dir='ltr' id='par_1_2' title="bbox 182 207 1367 300">
     <span class='ocr_line' id='line_1_2' title="bbox 182 207 1367 300; baseline 0.01 -28"><span class='ocrx_word' id='word_1_3' title='bbox 182 289 189 300; x_wconf 30' lang='grc' dir='ltr'><strong><em>ι</em></strong></span> <span class='ocrx_word' id='word_1_4' title='bbox 232 208 269 273; x_wconf 88' lang='grc' dir='ltr'>[ιι</span> <span class='ocrx_word' id='word_1_5' title='bbox 293 208 456 277; x_wconf 85' lang='lat' dir='ltr'>voluminis</span> <span class='ocrx_word' id='word_1_6' title='bbox 479 208 504 275; x_wconf 87' lang='lat' dir='ltr'>L</span> <span class='ocrx_word' id='word_1_7' title='bbox 531 207 721 297; x_wconf 76' lang='lat' dir='ltr'><strong>praefatione</strong></span> <span class='ocrx_word' id='word_1_8' title='bbox 748 228 869 293; x_wconf 83' lang='lat' dir='ltr'>p.r1n.</span> <span class='ocrx_word' id='word_1_9' title='bbox 896 213 1131 287; x_wconf 83' lang='lat' dir='ltr'>commemorsri</span> <span class='ocrx_word' id='word_1_10' title='bbox 1154 213 1367 287; x_wconf 85' lang='lat' dir='ltr'>adnotationes</span> 
     </span>
    </p>
   </div>
   <div class='ocr_carea' id='block_1_3' title="bbox 105 308 1367 3187">
    <p class='ocr_par' dir='ltr' id='par_1_3' title="bbox 105 308 1367 3187">
     <span class='ocr_line' id='line_1_3' title="bbox 146 308 1367 397; baseline 0.003 -22"><span class='ocrx_word' id='word_1_11' title='bbox 146 309 179 377; x_wconf 89' lang='lat' dir='ltr'>in</span> <span class='ocrx_word' id='word_1_12' title='bbox 211 309 347 397; x_wconf 77' lang='lat' dir='ltr'>margine</span> <span class='ocrx_word' id='word_1_13' title='bbox 372 308 516 379; x_wconf 79' lang='lat' dir='ltr'>editionis</span> <span class='ocrx_word' id='word_1_14' title='bbox 540 308 742 379; x_wconf 86' lang='lat' dir='ltr'>Londinensis</span> <span class='ocrx_word' id='word_1_15' title='bbox 773 309 904 394; x_wconf 81' lang='lat' dir='ltr'>exempti</span> <span class='ocrx_word' id='word_1_16' title='bbox 931 310 1016 396; x_wconf 86' lang='lat' dir='ltr'>quod</span> <span class='ocrx_word' id='word_1_17' title='bbox 1044 320 1092 378; x_wconf 87' lang='lat' dir='ltr'>cst</span> <span class='ocrx_word' id='word_1_18' title='bbox 1119 313 1151 379; x_wconf 89' lang='lat' dir='ltr'>in</span> <span class='ocrx_word' id='word_1_19' title='bbox 1182 314 1367 389; x_wconf 75' lang='lat' dir='ltr'>bibliotheca</span> 
     </span>
     <span class='ocr_line' id='line_1_4' title="bbox 146 408 1364 497; baseline 0.002 -22"><span class='ocrx_word' id='word_1_20' title='bbox 146 408 267 497; x_wconf 88' lang='lat' dir='ltr'>publica</span> <span class='ocrx_word' id='word_1_21' title='bbox 293 410 479 497; x_wconf 89' lang='lat' dir='ltr'>Dorpatensi</span> <span class='ocrx_word' id='word_1_22' title='bbox 511 409 692 494; x_wconf 88' lang='lat' dir='ltr'>adscriptas,</span> <span class='ocrx_word' id='word_1_23' title='bbox 726 429 803 497; x_wconf 88' lang='lat' dir='ltr'>quas</span> <span class='ocrx_word' id='word_1_24' title='bbox 830 408 869 475; x_wconf 85' lang='lat' dir='ltr'>ad</span> <span class='ocrx_word' id='word_1_25' title='bbox 896 430 947 476; x_wconf 90' lang='lat' dir='ltr'>rne</span> <span class='ocrx_word' id='word_1_26' title='bbox 973 411 1056 480; x_wconf 81' lang='lat' dir='ltr'>misit</span> <span class='ocrx_word' id='word_1_27' title='bbox 1076 413 1123 481; x_wconf 78' lang='lat' dir='ltr'>bt</span> <span class='ocrx_word' id='word_1_28' title='bbox 1147 414 1183 482; x_wconf 86' lang='lat'>1.</span> <span class='ocrx_word' id='word_1_29' title='bbox 1203 415 1364 489; x_wconf 74' lang='lat' dir='ltr'>Murmu-</span> 
     </span>
     <span class='ocr_line' id='line_1_5' title="bbox 145 508 1365 597; baseline 0 -20"><span class='ocrx_word' id='word_1_30' title='bbox 145 531 214 577; x_wconf 71' lang='grc' dir='ltr'>ιιι</span> <span class='ocrx_word' id='word_1_31' title='bbox 262 510 426 575; x_wconf 84' lang='lat' dir='ltr'>Maximam</span> <span class='ocrx_word' id='word_1_32' title='bbox 464 509 511 577; x_wconf 83' lang='lat' dir='ltr'>vir</span> <span class='ocrx_word' id='word_1_33' title='bbox 544 508 737 577; x_wconf 83' lang='lat' dir='ltr'>doctissimus</span> <span class='ocrx_word' id='word_1_34' title='bbox 775 509 923 595; x_wconf 77' lang='lat' dir='ltr'>impendit</span> <span class='ocrx_word' id='word_1_35' title='bbox 957 531 1081 597; x_wconf 86' lang='lat' dir='ltr'>operam</span> <span class='ocrx_word' id='word_1_36' title='bbox 1118 511 1365 586; x_wconf 81' lang='lat' dir='ltr'>adnotationibus</span> 
     </span>
     <span class='ocr_line' id='line_1_6' title="bbox 146 607 1364 697; baseline 0.008 -24"><span class='ocrx_word' id='word_1_37' title='bbox 146 610 203 676; x_wconf 86' lang='lat' dir='ltr'>illis</span> <span class='ocrx_word' id='word_1_38' title='bbox 232 610 450 691; x_wconf 87' lang='lat' dir='ltr'>describendis,</span> <span class='ocrx_word' id='word_1_39' title='bbox 483 608 594 677; x_wconf 89' lang='lat' dir='ltr'>additis</span> <span class='ocrx_word' id='word_1_40' title='bbox 622 607 757 675; x_wconf 78' lang='lat' dir='ltr'>numeris</span> <span class='ocrx_word' id='word_1_41' title='bbox 786 610 963 697; x_wconf 79' lang='lat' dir='ltr'>paginarum</span> <span class='ocrx_word' id='word_1_42' title='bbox 994 619 1026 677; x_wconf 91' lang='lat' dir='ltr'>et</span> <span class='ocrx_word' id='word_1_43' title='bbox 1051 632 1194 680; x_wconf 80' lang='lat' dir='ltr'>versuum</span> <span class='ocrx_word' id='word_1_44' title='bbox 1223 613 1364 683; x_wconf 77' lang='lat' dir='ltr'>editionis</span> 
     </span>
     <span class='ocr_line' id='line_1_7' title="bbox 148 710 1362 797; baseline 0.002 -20"><span class='ocrx_word' id='word_1_45' title='bbox 148 711 319 777; x_wconf 83' lang='lat' dir='ltr'>Zeunianae</span> <span class='ocrx_word' id='word_1_46' title='bbox 342 732 435 797; x_wconf 87' lang='lat' dir='ltr'>quem</span> <span class='ocrx_word' id='word_1_47' title='bbox 458 731 507 775; x_wconf 88' lang='lat' dir='ltr'>me</span> <span class='ocrx_word' id='word_1_48' title='bbox 533 710 644 776; x_wconf 90' lang='lat' dir='ltr'>babere</span> <span class='ocrx_word' id='word_1_49' title='bbox 664 717 862 792; x_wconf 80' lang='lat' dir='ltr'>cognoverat:</span> <span class='ocrx_word' id='word_1_50' title='bbox 894 732 951 795; x_wconf 79' lang='lat' dir='ltr'>ego</span> <span class='ocrx_word' id='word_1_51' title='bbox 979 732 1051 777; x_wconf 84' lang='lat' dir='ltr'>vero</span> <span class='ocrx_word' id='word_1_52' title='bbox 1076 734 1229 797; x_wconf 88' lang='lat' dir='ltr'>nusquam</span> <span class='ocrx_word' id='word_1_53' title='bbox 1258 735 1362 779; x_wconf 89' lang='lat' dir='ltr'>earum</span> 
     </span>
     <span class='ocr_line' id='line_1_8' title="bbox 145 809 1363 895; baseline 0.006 -22"><span class='ocrx_word' id='word_1_54' title='bbox 145 809 202 875; x_wconf 91' lang='lat' dir='ltr'>leci</span> <span class='ocrx_word' id='word_1_55' title='bbox 223 812 416 876; x_wconf 86' lang='lat' dir='ltr'>mentionem.</span> <span class='ocrx_word' id='word_1_56' title='bbox 458 810 551 889; x_wconf 87' lang='lat' dir='ltr'>Quod</span> <span class='ocrx_word' id='word_1_57' title='bbox 575 831 631 875; x_wconf 90' lang='lat' dir='ltr'>cur</span> <span class='ocrx_word' id='word_1_58' title='bbox 650 810 765 875; x_wconf 86' lang='lat' dir='ltr'>lactum</span> <span class='ocrx_word' id='word_1_59' title='bbox 787 809 842 887; x_wconf 89' lang='lat' dir='ltr'>sit,</span> <span class='ocrx_word' id='word_1_60' title='bbox 868 830 930 874; x_wconf 93' lang='lat' dir='ltr'>non</span> <span class='ocrx_word' id='word_1_61' title='bbox 949 832 1072 895; x_wconf 76' lang='lat' dir='ltr'>possam</span> <span class='ocrx_word' id='word_1_62' title='bbox 1096 812 1149 876; x_wconf 92' lang='lat' dir='ltr'>bic</span> <span class='ocrx_word' id='word_1_63' title='bbox 1168 834 1231 877; x_wconf 92' lang='lat' dir='ltr'>non</span> <span class='ocrx_word' id='word_1_64' title='bbox 1253 814 1363 894; x_wconf 88' lang='lat' dir='ltr'>dicere,</span> 
     </span>
     <span class='ocr_line' id='line_1_9' title="bbox 145 908 1362 995; baseline 0.005 -23"><span class='ocrx_word' id='word_1_65' title='bbox 145 910 218 993; x_wconf 89' lang='lat' dir='ltr'>quin</span> <span class='ocrx_word' id='word_1_66' title='bbox 248 919 302 975; x_wconf 85' lang='lat' dir='ltr'>aut</span> <span class='ocrx_word' id='word_1_67' title='bbox 331 911 485 995; x_wconf 81' lang='lat' dir='ltr'>negligens</span> <span class='ocrx_word' id='word_1_68' title='bbox 517 931 585 976; x_wconf 89' lang='lat' dir='ltr'>esse</span> <span class='ocrx_word' id='word_1_69' title='bbox 616 908 720 975; x_wconf 84' lang='lat' dir='ltr'>ridear</span> <span class='ocrx_word' id='word_1_70' title='bbox 752 915 806 973; x_wconf 90' lang='lat' dir='ltr'>aut</span> <span class='ocrx_word' id='word_1_71' title='bbox 834 908 979 993; x_wconf 79' lang='lat' dir='ltr'>ingratus.</span> <span class='ocrx_word' id='word_1_72' title='bbox 1021 913 1152 977; x_wconf 79' lang='lat' dir='ltr'>Litteras</span> <span class='ocrx_word' id='word_1_73' title='bbox 1176 912 1250 979; x_wconf 91' lang='lat' dir='ltr'>mibi</span> <span class='ocrx_word' id='word_1_74' title='bbox 1277 912 1362 978; x_wconf 87' lang='lat' dir='ltr'>datas</span> 
     </span>
     <span class='ocr_line' id='line_1_10' title="bbox 143 1008 1363 1099; baseline 0.005 -26"><span class='ocrx_word' id='word_1_75' title='bbox 143 1030 223 1074; x_wconf 90' lang='lat' dir='ltr'>enno</span> <span class='ocrx_word' id='word_1_76' title='bbox 251 1010 481 1077; x_wconf 84' lang='lat' dir='ltr'>MDCCCXLL</span> <span class='ocrx_word' id='word_1_77' title='bbox 511 1010 542 1074; x_wconf 86' lang='lat' dir='ltr'>in</span> <span class='ocrx_word' id='word_1_78' title='bbox 573 1008 655 1075; x_wconf 89' lang='lat' dir='ltr'>aliud</span> <span class='ocrx_word' id='word_1_79' title='bbox 682 1015 804 1093; x_wconf 87' lang='lat' dir='ltr'>tempus</span> <span class='ocrx_word' id='word_1_80' title='bbox 836 1030 990 1075; x_wconf 77' lang='lat' dir='ltr'>reservans</span> <span class='ocrx_word' id='word_1_81' title='bbox 1018 1012 1156 1091; x_wconf 91' lang='lat' dir='ltr'>condidi,</span> <span class='ocrx_word' id='word_1_82' title='bbox 1182 1014 1227 1079; x_wconf 84' lang='lat' dir='ltr'>rel</span> <span class='ocrx_word' id='word_1_83' title='bbox 1248 1014 1363 1099; x_wconf 88' lang='lat' dir='ltr'>potius,</span> 
     </span>
     <span class='ocr_line' id='line_1_11' title="bbox 105 1108 1362 1198; baseline 0.006 -24"><span class='ocrx_word' id='word_1_84' title='bbox 105 1160 108 1167; x_wconf 33' lang='grc' dir='ltr'><strong>ι</strong></span> <span class='ocrx_word' id='word_1_85' title='bbox 143 1118 179 1175; x_wconf 91' lang='lat' dir='ltr'>ut</span> <span class='ocrx_word' id='word_1_86' title='bbox 200 1110 248 1191; x_wconf 83' lang='lat' dir='ltr'>fit,</span> <span class='ocrx_word' id='word_1_87' title='bbox 274 1110 393 1187; x_wconf 91' lang='lat' dir='ltr'>abdidi,</span> <span class='ocrx_word' id='word_1_88' title='bbox 417 1110 460 1175; x_wconf 88' lang='lat' dir='ltr'>ita</span> <span class='ocrx_word' id='word_1_89' title='bbox 484 1117 521 1175; x_wconf 91' lang='lat' dir='ltr'>ut</span> <span class='ocrx_word' id='word_1_90' title='bbox 544 1130 626 1175; x_wconf 89' lang='lat' dir='ltr'>meas</span> <span class='ocrx_word' id='word_1_91' title='bbox 652 1108 865 1175; x_wconf 81' lang='lat' dir='ltr'>adnotationes</span> <span class='ocrx_word' id='word_1_92' title='bbox 893 1112 1118 1196; x_wconf 88' lang='lat' dir='ltr'>conscripturus</span> <span class='ocrx_word' id='word_1_93' title='bbox 1138 1113 1203 1198; x_wconf 88' lang='lat' dir='ltr'>ipse</span> <span class='ocrx_word' id='word_1_94' title='bbox 1226 1134 1289 1180; x_wconf 89' lang='lat' dir='ltr'>non</span> <span class='ocrx_word' id='word_1_95' title='bbox 1314 1134 1362 1182; x_wconf 88' lang='lat' dir='ltr'>re·</span> 
     </span>
     <span class='ocr_line' id='line_1_12' title="bbox 143 1208 1361 1294; baseline 0.002 -19"><span class='ocrx_word' id='word_1_96' title='bbox 143 1210 291 1294; x_wconf 82' lang='lat' dir='ltr'>pererim,</span> <span class='ocrx_word' id='word_1_97' title='bbox 319 1230 375 1273; x_wconf 90' lang='lat' dir='ltr'>nec</span> <span class='ocrx_word' id='word_1_98' title='bbox 406 1210 465 1273; x_wconf 89' lang='lat' dir='ltr'>nisi</span> <span class='ocrx_word' id='word_1_99' title='bbox 494 1208 670 1292; x_wconf 89' lang='lat' dir='ltr'>nuperrime</span> <span class='ocrx_word' id='word_1_100' title='bbox 701 1208 732 1271; x_wconf 92' lang='lat' dir='ltr'>in</span> <span class='ocrx_word' id='word_1_101' title='bbox 762 1228 814 1272; x_wconf 85' lang='lat' dir='ltr'>ees</span> <span class='ocrx_word' id='word_1_102' title='bbox 846 1208 1013 1273; x_wconf 81' lang='lat' dir='ltr'>inciderim.</span> <span class='ocrx_word' id='word_1_103' title='bbox 1051 1216 1150 1275; x_wconf 79' lang='lat' dir='ltr'>Antea</span> <span class='ocrx_word' id='word_1_104' title='bbox 1176 1213 1202 1275; x_wconf 89' lang='lat' dir='ltr'>si</span> <span class='ocrx_word' id='word_1_105' title='bbox 1229 1234 1280 1277; x_wconf 85' lang='lat' dir='ltr'>eas</span> <span class='ocrx_word' id='word_1_106' title='bbox 1308 1212 1361 1277; x_wconf 89' lang='lat' dir='ltr'>ba·</span> 
     </span>
     <span class='ocr_line' id='line_1_13' title="bbox 143 1306 1361 1394; baseline 0.001 -21"><span class='ocrx_word' id='word_1_107' title='bbox 143 1310 295 1386; x_wconf 86' lang='lat' dir='ltr'>buissem,</span> <span class='ocrx_word' id='word_1_108' title='bbox 330 1308 413 1373; x_wconf 89' lang='lat' dir='ltr'>baud</span> <span class='ocrx_word' id='word_1_109' title='bbox 444 1308 552 1391; x_wconf 77' lang='lat' dir='ltr'>exigue</span> <span class='ocrx_word' id='word_1_110' title='bbox 579 1327 670 1393; x_wconf 90' lang='lat' dir='ltr'>opera</span> <span class='ocrx_word' id='word_1_111' title='bbox 697 1328 795 1371; x_wconf 90' lang='lat' dir='ltr'>essem</span> <span class='ocrx_word' id='word_1_112' title='bbox 822 1306 968 1371; x_wconf 87' lang='lat' dir='ltr'>liberatus</span> <span class='ocrx_word' id='word_1_113' title='bbox 995 1308 1026 1370; x_wconf 92' lang='lat' dir='ltr'>in</span> <span class='ocrx_word' id='word_1_114' title='bbox 1056 1310 1236 1391; x_wconf 85' lang='lat' dir='ltr'>quaerendis</span> <span class='ocrx_word' id='word_1_115' title='bbox 1261 1311 1361 1394; x_wconf 76' lang='lat' dir='ltr'>Virgi-</span> 
     </span>
     <span class='ocr_line' id='line_1_14' title="bbox 144 1406 1360 1493; baseline 0.002 -22"><span class='ocrx_word' id='word_1_116' title='bbox 144 1408 233 1471; x_wconf 86' lang='lat' dir='ltr'>linnis</span> <span class='ocrx_word' id='word_1_117' title='bbox 259 1408 353 1483; x_wconf 92' lang='lat' dir='ltr'>locis,</span> <span class='ocrx_word' id='word_1_118' title='bbox 387 1428 464 1493; x_wconf 88' lang='lat' dir='ltr'>quos</span> <span class='ocrx_word' id='word_1_119' title='bbox 486 1410 518 1473; x_wconf 93' lang='lat' dir='ltr'>in</span> <span class='ocrx_word' id='word_1_120' title='bbox 543 1408 785 1473; x_wconf 77' lang='lat' dir='ltr'>saturnaliorum</span> <span class='ocrx_word' id='word_1_121' title='bbox 813 1406 883 1471; x_wconf 93' lang='lat' dir='ltr'>libri</span> <span class='ocrx_word' id='word_1_122' title='bbox 908 1408 961 1471; x_wconf 85' lang='lat' dir='ltr'>lv.</span> <span class='ocrx_word' id='word_1_123' title='bbox 990 1407 1092 1491; x_wconf 88' lang='lat' dir='ltr'>aliqua</span> <span class='ocrx_word' id='word_1_124' title='bbox 1118 1416 1205 1493; x_wconf 91' lang='lat' dir='ltr'>perte</span> <span class='ocrx_word' id='word_1_125' title='bbox 1228 1428 1290 1474; x_wconf 90' lang='lat' dir='ltr'>non</span> <span class='ocrx_word' id='word_1_126' title='bbox 1316 1410 1360 1473; x_wconf 91' lang='lat' dir='ltr'>in-</span> 
     </span>
     <span class='ocr_line' id='line_1_15' title="bbox 147 1506 1361 1589; baseline 0.004 -19"><span class='ocrx_word' id='word_1_127' title='bbox 147 1506 258 1573; x_wconf 83' lang='lat' dir='ltr'>dicarit</span> <span class='ocrx_word' id='word_1_128' title='bbox 288 1506 438 1589; x_wconf 86' lang='lat' dir='ltr'>Zeunius,</span> <span class='ocrx_word' id='word_1_129' title='bbox 469 1514 500 1573; x_wconf 91' lang='lat' dir='ltr'>et</span> <span class='ocrx_word' id='word_1_130' title='bbox 529 1508 560 1572; x_wconf 94' lang='lat' dir='ltr'>in</span> <span class='ocrx_word' id='word_1_131' title='bbox 591 1506 781 1573; x_wconf 89' lang='lat' dir='ltr'>emendando</span> <span class='ocrx_word' id='word_1_132' title='bbox 812 1507 912 1571; x_wconf 92' lang='lat' dir='ltr'>libello</span> <span class='ocrx_word' id='word_1_133' title='bbox 939 1508 976 1572; x_wconf 91' lang='lat' dir='ltr'>de</span> <span class='ocrx_word' id='word_1_134' title='bbox 1003 1506 1181 1577; x_wconf 80' lang='lat' dir='ltr'>differentiis</span> <span class='ocrx_word' id='word_1_135' title='bbox 1205 1516 1237 1572; x_wconf 90' lang='lat' dir='ltr'>ct</span> <span class='ocrx_word' id='word_1_136' title='bbox 1266 1508 1361 1575; x_wconf 82' lang='lat' dir='ltr'>socie·</span> 
     </span>
     <span class='ocr_line' id='line_1_16' title="bbox 141 1606 1360 1693; baseline 0.001 -19"><span class='ocrx_word' id='word_1_137' title='bbox 141 1606 254 1674; x_wconf 84' lang='lat' dir='ltr'>tatibus</span> <span class='ocrx_word' id='word_1_138' title='bbox 276 1606 386 1673; x_wconf 89' lang='lat' dir='ltr'>Graeci</span> <span class='ocrx_word' id='word_1_139' title='bbox 404 1608 566 1693; x_wconf 84' lang='lat' dir='ltr'>Latinique</span> <span class='ocrx_word' id='word_1_140' title='bbox 585 1607 687 1685; x_wconf 86' lang='lat' dir='ltr'>verbi,</span> <span class='ocrx_word' id='word_1_141' title='bbox 717 1608 749 1673; x_wconf 90' lang='lat' dir='ltr'>in</span> <span class='ocrx_word' id='word_1_142' title='bbox 773 1628 835 1693; x_wconf 90' lang='lat' dir='ltr'>quo</span> <span class='ocrx_word' id='word_1_143' title='bbox 853 1607 1017 1673; x_wconf 90' lang='lat' dir='ltr'>destitutus</span> <span class='ocrx_word' id='word_1_144' title='bbox 1043 1628 1124 1674; x_wconf 74' lang='lat' dir='ltr'>mam</span> <span class='ocrx_word' id='word_1_145' title='bbox 1147 1628 1243 1693; x_wconf 90' lang='lat' dir='ltr'>paene</span> <span class='ocrx_word' id='word_1_146' title='bbox 1261 1610 1360 1677; x_wconf 84' lang='lat' dir='ltr'>omni-</span> 
     </span>
     <span class='ocr_line' id='line_1_17' title="bbox 141 1706 1359 1793; baseline 0.003 -22"><span class='ocrx_word' id='word_1_147' title='bbox 141 1708 199 1771; x_wconf 87' lang='lat' dir='ltr'>bus</span> <span class='ocrx_word' id='word_1_148' title='bbox 226 1706 378 1773; x_wconf 87' lang='lat' dir='ltr'>subsidiis.</span> <span class='ocrx_word' id='word_1_149' title='bbox 416 1708 612 1793; x_wconf 86' lang='lat' dir='ltr'>Conscriptae</span> <span class='ocrx_word' id='word_1_150' title='bbox 632 1716 704 1773; x_wconf 89' lang='lat' dir='ltr'>sunt</span> <span class='ocrx_word' id='word_1_151' title='bbox 724 1708 792 1773; x_wconf 91' lang='lat' dir='ltr'>illae</span> <span class='ocrx_word' id='word_1_152' title='bbox 811 1707 1041 1785; x_wconf 83' lang='lat' dir='ltr'>adnotationes,</span> <span class='ocrx_word' id='word_1_153' title='bbox 1076 1709 1102 1771; x_wconf 87' lang='lat' dir='ltr'>si</span> <span class='ocrx_word' id='word_1_154' title='bbox 1123 1707 1199 1771; x_wconf 86' lang='lat' dir='ltr'>fides</span> <span class='ocrx_word' id='word_1_155' title='bbox 1221 1708 1359 1775; x_wconf 87' lang='lat' dir='ltr'>babendo</span> 
     </span>
     <span class='ocr_line' id='line_1_18' title="bbox 140 1806 1357 1894; baseline 0.002 -23"><span class='ocrx_word' id='word_1_156' title='bbox 140 1814 187 1871; x_wconf 90' lang='lat' dir='ltr'>est</span> <span class='ocrx_word' id='word_1_157' title='bbox 208 1808 232 1870; x_wconf 94' lang='lat' dir='ltr'>l.</span> <span class='ocrx_word' id='word_1_158' title='bbox 254 1812 292 1873; x_wconf 80' lang='grc' dir='ltr'>Α.</span> <span class='ocrx_word' id='word_1_159' title='bbox 313 1808 496 1885; x_wconf 88' lang='lat' dir='ltr'>Noesseltio‚</span> <span class='ocrx_word' id='word_1_160' title='bbox 528 1830 621 1894; x_wconf 87' lang='lat' dir='ltr'>penes</span> <span class='ocrx_word' id='word_1_161' title='bbox 643 1828 734 1893; x_wconf 89' lang='lat' dir='ltr'>quem</span> <span class='ocrx_word' id='word_1_162' title='bbox 756 1808 828 1871; x_wconf 90' lang='lat' dir='ltr'>olim</span> <span class='ocrx_word' id='word_1_163' title='bbox 849 1815 915 1871; x_wconf 88' lang='lat' dir='ltr'>erat</span> <span class='ocrx_word' id='word_1_164' title='bbox 931 1808 1006 1872; x_wconf 93' lang='lat' dir='ltr'>illud</span> <span class='ocrx_word' id='word_1_165' title='bbox 1026 1806 1168 1873; x_wconf 85' lang='lat' dir='ltr'>editionis</span> <span class='ocrx_word' id='word_1_166' title='bbox 1186 1809 1357 1873; x_wconf 91' lang='lat' dir='ltr'>Londinen-</span> 
     </span>
     <span class='ocr_line' id='line_1_19' title="bbox 140 1906 1360 1993; baseline 0.002 -22"><span class='ocrx_word' id='word_1_167' title='bbox 140 1908 180 1971; x_wconf 91' lang='lat' dir='ltr'>sis</span> <span class='ocrx_word' id='word_1_168' title='bbox 198 1906 381 1993; x_wconf 84' lang='lat' dir='ltr'>exemplum,</span> <span class='ocrx_word' id='word_1_169' title='bbox 409 1910 448 1973; x_wconf 93' lang='lat' dir='ltr'>ab</span> <span class='ocrx_word' id='word_1_170' title='bbox 471 1910 608 1973; x_wconf 88' lang='lat' dir='ltr'>loonne</span> <span class='ocrx_word' id='word_1_171' title='bbox 631 1908 795 1973; x_wconf 81' lang='lat' dir='ltr'>Alberto</span> <span class='ocrx_word' id='word_1_172' title='bbox 815 1907 1016 1985; x_wconf 83' lang='lat' dir='ltr'>Fabricio,</span> <span class='ocrx_word' id='word_1_173' title='bbox 1048 1908 1131 1992; x_wconf 90' lang='lat' dir='ltr'>quod</span> <span class='ocrx_word' id='word_1_174' title='bbox 1154 1906 1293 1992; x_wconf 89' lang='lat' dir='ltr'>quidem,</span> <span class='ocrx_word' id='word_1_175' title='bbox 1323 1919 1360 1973; x_wconf 89' lang='lat' dir='ltr'>ut</span> 
     </span>
     <span class='ocr_line' id='line_1_20' title="bbox 140 2005 1359 2098; baseline 0.005 -27"><span class='ocrx_word' id='word_1_176' title='bbox 140 2007 182 2071; x_wconf 92' lang='lat' dir='ltr'>ait</span> <span class='ocrx_word' id='word_1_177' title='bbox 204 2006 267 2084; x_wconf 91' lang='lat' dir='ltr'>ille,</span> <span class='ocrx_word' id='word_1_178' title='bbox 298 2014 329 2071; x_wconf 92' lang='lat' dir='ltr'>et</span> <span class='ocrx_word' id='word_1_179' title='bbox 356 2028 463 2075; x_wconf 88' lang='lat' dir='ltr'>manus</span> <span class='ocrx_word' id='word_1_180' title='bbox 494 2009 557 2075; x_wconf 85' lang='lat' dir='ltr'>sire</span> <span class='ocrx_word' id='word_1_181' title='bbox 586 2008 736 2092; x_wconf 87' lang='lat' dir='ltr'>scripture</span> <span class='ocrx_word' id='word_1_182' title='bbox 765 2007 867 2093; x_wconf 85' lang='lat' dir='ltr'>prodit</span> <span class='ocrx_word' id='word_1_183' title='bbox 891 2015 922 2074; x_wconf 89' lang='lat' dir='ltr'>et</span> <span class='ocrx_word' id='word_1_184' title='bbox 948 2005 1039 2071; x_wconf 83' lang='lat' dir='ltr'>indes</span> <span class='ocrx_word' id='word_1_185' title='bbox 1069 2007 1253 2098; x_wconf 85' lang='lat' dir='ltr'>scriptorum</span> <span class='ocrx_word' id='word_1_186' title='bbox 1279 2028 1359 2092; x_wconf 82' lang='lat' dir='ltr'>quoa</span> 
     </span>
     <span class='ocr_line' id='line_1_21' title="bbox 141 2106 1358 2195; baseline 0.002 -24"><span class='ocrx_word' id='word_1_187' title='bbox 141 2108 284 2177; x_wconf 80' lang='lat' dir='ltr'>citaverat</span> <span class='ocrx_word' id='word_1_188' title='bbox 311 2107 500 2186; x_wconf 87' lang='lat' dir='ltr'>Macrobius,</span> <span class='ocrx_word' id='word_1_189' title='bbox 532 2128 718 2195; x_wconf 89' lang='lat' dir='ltr'>quamquem</span> <span class='ocrx_word' id='word_1_190' title='bbox 745 2107 796 2173; x_wconf 91' lang='lat' dir='ltr'>bic</span> <span class='ocrx_word' id='word_1_191' title='bbox 820 2107 911 2190; x_wconf 80' lang='lat' dir='ltr'>longe</span> <span class='ocrx_word' id='word_1_192' title='bbox 938 2106 1120 2190; x_wconf 85' lang='lat' dir='ltr'>locupletior</span> <span class='ocrx_word' id='word_1_193' title='bbox 1140 2114 1188 2170; x_wconf 87' lang='lat' dir='ltr'>est</span> <span class='ocrx_word' id='word_1_194' title='bbox 1206 2127 1244 2171; x_wconf 89' lang='lat' dir='ltr'>eo</span> <span class='ocrx_word' id='word_1_195' title='bbox 1266 2126 1358 2191; x_wconf 82' lang='lat' dir='ltr'>qsrcm</span> 
     </span>
     <span class='ocr_line' id='line_1_22' title="bbox 139 2206 1359 2292; baseline 0 -20"><span class='ocrx_word' id='word_1_196' title='bbox 139 2206 271 2291; x_wconf 89' lang='lat' dir='ltr'>reperies</span> <span class='ocrx_word' id='word_1_197' title='bbox 291 2207 322 2271; x_wconf 90' lang='lat' dir='ltr'>in</span> <span class='ocrx_word' id='word_1_198' title='bbox 340 2208 471 2277; x_wconf 83' lang='lat' dir='ltr'>Fabricii</span> <span class='ocrx_word' id='word_1_199' title='bbox 494 2209 570 2273; x_wconf 82' lang='lat' dir='ltr'>Bibl.</span> <span class='ocrx_word' id='word_1_200' title='bbox 592 2209 659 2272; x_wconf 89' lang='lat' dir='ltr'>Lat.</span> <span class='ocrx_word' id='word_1_201' title='bbox 681 2209 718 2272; x_wconf 89' lang='grc' dir='ltr'>Τ.</span> <span class='ocrx_word' id='word_1_202' title='bbox 738 2208 796 2271; x_wconf 93' lang='lat' dir='ltr'>lll.</span> <span class='ocrx_word' id='word_1_203' title='bbox 819 2228 848 2290; x_wconf 94' lang='lat' dir='ltr'>p.</span> <span class='ocrx_word' id='word_1_204' title='bbox 872 2207 930 2271; x_wconf 81' lang='grc'>[37</span> <span class='ocrx_word' id='word_1_205' title='bbox 952 2226 998 2291; x_wconf 81' lang='lat' dir='ltr'>sq.</span> <span class='ocrx_word' id='word_1_206' title='bbox 1019 2209 1047 2292; x_wconf 61' lang='grc' dir='ltr'>ἴ)</span> <span class='ocrx_word' id='word_1_207' title='bbox 1091 2208 1182 2287; x_wconf 85' lang='lat' dir='ltr'>Quae</span> <span class='ocrx_word' id='word_1_208' title='bbox 1200 2207 1238 2271; x_wconf 89' lang='lat' dir='ltr'>de</span> <span class='ocrx_word' id='word_1_209' title='bbox 1259 2206 1359 2272; x_wconf 87' lang='lat' dir='ltr'>indice</span> 
     </span>
     <span class='ocr_line' id='line_1_23' title="bbox 138 2305 1357 2391; baseline 0 -20"><span class='ocrx_word' id='word_1_210' title='bbox 138 2308 215 2371; x_wconf 82' lang='lat' dir='ltr'>dixit</span> <span class='ocrx_word' id='word_1_211' title='bbox 248 2306 445 2391; x_wconf 88' lang='lat' dir='ltr'>scriptorum,</span> <span class='ocrx_word' id='word_1_212' title='bbox 486 2327 520 2370; x_wconf 88' lang='lat' dir='ltr'>ea</span> <span class='ocrx_word' id='word_1_213' title='bbox 554 2307 652 2371; x_wconf 81' lang='lat' dir='ltr'>fateor</span> <span class='ocrx_word' id='word_1_214' title='bbox 683 2326 731 2370; x_wconf 89' lang='lat' dir='ltr'>me</span> <span class='ocrx_word' id='word_1_215' title='bbox 759 2305 877 2371; x_wconf 87' lang='lat' dir='ltr'>nescire</span> <span class='ocrx_word' id='word_1_216' title='bbox 907 2306 982 2389; x_wconf 91' lang='lat' dir='ltr'>quid</span> <span class='ocrx_word' id='word_1_217' title='bbox 1007 2307 1114 2371; x_wconf 85' lang='lat' dir='ltr'>velint:</span> <span class='ocrx_word' id='word_1_218' title='bbox 1148 2306 1291 2391; x_wconf 84' lang='lat' dir='ltr'>relragari</span> <span class='ocrx_word' id='word_1_219' title='bbox 1321 2328 1357 2371; x_wconf 88' lang='lat' dir='ltr'>ea</span> 
     </span>
     <span class='ocr_line' id='line_1_24' title="bbox 139 2404 1357 2494; baseline 0 -24"><span class='ocrx_word' id='word_1_220' title='bbox 139 2406 241 2491; x_wconf 89' lang='lat' dir='ltr'>potius</span> <span class='ocrx_word' id='word_1_221' title='bbox 275 2428 367 2494; x_wconf 90' lang='lat' dir='ltr'>quam</span> <span class='ocrx_word' id='word_1_222' title='bbox 398 2406 556 2490; x_wconf 81' lang='lat' dir='ltr'>suffragari</span> <span class='ocrx_word' id='word_1_223' title='bbox 582 2406 623 2470; x_wconf 92' lang='lat' dir='ltr'>illi</span> <span class='ocrx_word' id='word_1_224' title='bbox 658 2406 794 2490; x_wconf 91' lang='lat' dir='ltr'>opinioni</span> <span class='ocrx_word' id='word_1_225' title='bbox 819 2405 893 2469; x_wconf 86' lang='lat' dir='ltr'>ridit</span> <span class='ocrx_word' id='word_1_226' title='bbox 923 2404 1122 2482; x_wconf 87' lang='lat' dir='ltr'>Mercklinus,</span> <span class='ocrx_word' id='word_1_227' title='bbox 1155 2406 1208 2490; x_wconf 89' lang='lat' dir='ltr'>qui</span> <span class='ocrx_word' id='word_1_228' title='bbox 1235 2405 1357 2488; x_wconf 88' lang='lat' dir='ltr'>quidem</span> 
     </span>
     <span class='ocr_line' id='line_1_25' title="bbox 139 2502 1359 2589; baseline -0.002 -17"><span class='ocrx_word' id='word_1_229' title='bbox 139 2507 269 2576; x_wconf 86' lang='lat' dir='ltr'>subiecit</span> <span class='ocrx_word' id='word_1_230' title='bbox 295 2505 354 2589; x_wconf 80' lang='lat' dir='ltr'>legi</span> <span class='ocrx_word' id='word_1_231' title='bbox 382 2507 414 2568; x_wconf 93' lang='lat' dir='ltr'>in</span> <span class='ocrx_word' id='word_1_232' title='bbox 445 2505 544 2568; x_wconf 87' lang='lat' dir='ltr'>lronte</span> <span class='ocrx_word' id='word_1_233' title='bbox 575 2503 645 2566; x_wconf 91' lang='lat' dir='ltr'>libri</span> <span class='ocrx_word' id='word_1_234' title='bbox 677 2505 714 2567; x_wconf 89' lang='lat' dir='ltr'>ab</span> <span class='ocrx_word' id='word_1_235' title='bbox 742 2503 849 2567; x_wconf 89' lang='lat' dir='ltr'>eadem</span> <span class='ocrx_word' id='word_1_236' title='bbox 876 2522 970 2566; x_wconf 89' lang='lat' dir='ltr'>manu</span> <span class='ocrx_word' id='word_1_237' title='bbox 1000 2502 1112 2585; x_wconf 87' lang='lat' dir='ltr'>scripta</span> <span class='ocrx_word' id='word_1_238' title='bbox 1141 2504 1285 2567; x_wconf 90' lang='lat' dir='ltr'>nonnulla</span> <span class='ocrx_word' id='word_1_239' title='bbox 1320 2507 1359 2572; x_wconf 89' lang='lat' dir='ltr'>de</span> 
     </span>
     <span class='ocr_line' id='line_1_26' title="bbox 138 2600 1357 2689; baseline -0.004 -16"><span class='ocrx_word' id='word_1_240' title='bbox 138 2606 315 2689; x_wconf 72' lang='lat' dir='ltr'>fragmentis</span> <span class='ocrx_word' id='word_1_241' title='bbox 334 2601 485 2668; x_wconf 84' lang='lat' dir='ltr'>Macrobii</span> <span class='ocrx_word' id='word_1_242' title='bbox 505 2621 585 2684; x_wconf 91' lang='lat' dir='ltr'>quae</span> <span class='ocrx_word' id='word_1_243' title='bbox 606 2602 732 2665; x_wconf 89' lang='lat' dir='ltr'>omnino</span> <span class='ocrx_word' id='word_1_244' title='bbox 750 2608 953 2682; x_wconf 77' lang='lat' dir='ltr'>congruerent</span> <span class='ocrx_word' id='word_1_245' title='bbox 971 2621 1040 2665; x_wconf 89' lang='lat' dir='ltr'>cum</span> <span class='ocrx_word' id='word_1_246' title='bbox 1064 2600 1101 2664; x_wconf 91' lang='lat' dir='ltr'>iis</span> <span class='ocrx_word' id='word_1_247' title='bbox 1122 2621 1202 2684; x_wconf 83' lang='lat' dir='ltr'>quae</span> <span class='ocrx_word' id='word_1_248' title='bbox 1224 2604 1357 2684; x_wconf 82' lang='lat' dir='ltr'>legeren-</span> 
     </span>
     <span class='ocr_line' id='line_1_27' title="bbox 139 2697 1356 2783; baseline -0.002 -16"><span class='ocrx_word' id='word_1_249' title='bbox 139 2715 192 2767; x_wconf 91' lang='lat' dir='ltr'>tur</span> <span class='ocrx_word' id='word_1_250' title='bbox 218 2706 250 2765; x_wconf 89' lang='lat' dir='ltr'>in</span> <span class='ocrx_word' id='word_1_251' title='bbox 273 2700 407 2765; x_wconf 86' lang='lat' dir='ltr'>Fabricii</span> <span class='ocrx_word' id='word_1_252' title='bbox 425 2699 502 2762; x_wconf 86' lang='lat' dir='ltr'>Bibl.</span> <span class='ocrx_word' id='word_1_253' title='bbox 522 2700 588 2764; x_wconf 88' lang='lat' dir='ltr'>Lat</span> <span class='ocrx_word' id='word_1_254' title='bbox 616 2699 680 2774; x_wconf 88' lang='lat' dir='ltr'>Ill,</span> <span class='ocrx_word' id='word_1_255' title='bbox 703 2721 731 2782; x_wconf 92' lang='lat' dir='ltr'>p.</span> <span class='ocrx_word' id='word_1_256' title='bbox 758 2697 828 2762; x_wconf 81' lang='grc'><strong>186.</strong></span> <span class='ocrx_word' id='word_1_257' title='bbox 870 2699 957 2762; x_wconf 87' lang='lat' dir='ltr'>Idem</span> <span class='ocrx_word' id='word_1_258' title='bbox 981 2700 1063 2763; x_wconf 89' lang='lat' dir='ltr'>alind</span> <span class='ocrx_word' id='word_1_259' title='bbox 1084 2698 1284 2783; x_wconf 83' lang='lat' dir='ltr'>deprehendit</span> <span class='ocrx_word' id='word_1_260' title='bbox 1308 2724 1356 2766; x_wconf 88' lang='lat' dir='ltr'>re-</span> 
     </span>
     <span class='ocr_line' id='line_1_28' title="bbox 140 2797 1358 2886; baseline -0.001 -20"><span class='ocrx_word' id='word_1_261' title='bbox 140 2800 263 2886; x_wconf 79' lang='lat' dir='ltr'>stigium</span> <span class='ocrx_word' id='word_1_262' title='bbox 294 2817 357 2884; x_wconf 90' lang='lat' dir='ltr'>quo</span> <span class='ocrx_word' id='word_1_263' title='bbox 390 2797 585 2882; x_wconf 82' lang='lat' dir='ltr'>indagaretur</span> <span class='ocrx_word' id='word_1_264' title='bbox 616 2797 735 2862; x_wconf 84' lang='lat' dir='ltr'>illarum</span> <span class='ocrx_word' id='word_1_265' title='bbox 768 2797 997 2862; x_wconf 87' lang='lat' dir='ltr'>adnotationum</span> <span class='ocrx_word' id='word_1_266' title='bbox 1028 2807 1143 2863; x_wconf 90' lang='lat' dir='ltr'>auctor.</span> <span class='ocrx_word' id='word_1_267' title='bbox 1186 2800 1358 2885; x_wconf 83' lang='lat' dir='ltr'>Adscripsit</span> 
     </span>
     <span class='ocr_line' id='line_1_29' title="bbox 140 2897 1355 2985; baseline -0.002 -17"><span class='ocrx_word' id='word_1_268' title='bbox 140 2900 221 2968; x_wconf 91' lang='lat' dir='ltr'>enim</span> <span class='ocrx_word' id='word_1_269' title='bbox 244 2899 294 2964; x_wconf 91' lang='lat' dir='ltr'>bic</span> <span class='ocrx_word' id='word_1_270' title='bbox 313 2897 353 2964; x_wconf 94' lang='lat' dir='ltr'>ad</span> <span class='ocrx_word' id='word_1_271' title='bbox 372 2898 435 2964; x_wconf 86' lang='lat' dir='ltr'>Sat.</span> <span class='ocrx_word' id='word_1_272' title='bbox 458 2900 496 2979; x_wconf 86' lang='lat' dir='ltr'>V,</span> <span class='ocrx_word' id='word_1_273' title='bbox 516 2898 564 2975; x_wconf 84' lang='grc'>13,</span> <span class='ocrx_word' id='word_1_274' title='bbox 586 2899 645 2964; x_wconf 79' lang='lat'>25:</span> <span class='ocrx_word' id='word_1_275' title='bbox 674 2899 772 2975; x_wconf 82' lang='lat' dir='ltr'>„vide</span> <span class='ocrx_word' id='word_1_276' title='bbox 793 2919 872 2985; x_wconf 87' lang='lat' dir='ltr'>quoe</span> <span class='ocrx_word' id='word_1_277' title='bbox 892 2897 953 2961; x_wconf 87' lang='lat' dir='ltr'>diri</span> <span class='ocrx_word' id='word_1_278' title='bbox 973 2897 1010 2964; x_wconf 88' lang='lat' dir='ltr'>ad</span> <span class='ocrx_word' id='word_1_279' title='bbox 1031 2899 1126 2984; x_wconf 76' lang='lat' dir='ltr'>Long.</span> <span class='ocrx_word' id='word_1_280' title='bbox 1146 2921 1177 2983; x_wconf 94' lang='lat' dir='ltr'>p.</span> <span class='ocrx_word' id='word_1_281' title='bbox 1199 2899 1282 2973; x_wconf 82' lang='lat'>39.“;</span> <span class='ocrx_word' id='word_1_282' title='bbox 1303 2903 1355 2966; x_wconf 87' lang='lat' dir='ltr'>sed</span> 
     </span>
     <span class='ocr_line' id='line_1_30' title="bbox 138 2998 1353 3086; baseline -0.002 -16"><span class='ocrx_word' id='word_1_283' title='bbox 138 3003 176 3070; x_wconf 94' lang='lat' dir='ltr'>de</span> <span class='ocrx_word' id='word_1_284' title='bbox 198 3001 303 3084; x_wconf 79' lang='lat' dir='ltr'>Longo</span> <span class='ocrx_word' id='word_1_285' title='bbox 331 3005 384 3064; x_wconf 87' lang='lat' dir='ltr'>aut</span> <span class='ocrx_word' id='word_1_286' title='bbox 406 2998 444 3063; x_wconf 92' lang='lat' dir='ltr'>de</span> <span class='ocrx_word' id='word_1_287' title='bbox 464 2998 603 3084; x_wconf 78' lang='lat' dir='ltr'>Longino</span> <span class='ocrx_word' id='word_1_288' title='bbox 628 2998 794 3086; x_wconf 87' lang='lat' dir='ltr'>quidquem</span> <span class='ocrx_word' id='word_1_289' title='bbox 818 2998 973 3083; x_wconf 83' lang='lat' dir='ltr'>scripsisse</span> <span class='ocrx_word' id='word_1_290' title='bbox 992 2999 1165 3067; x_wconf 88' lang='lat' dir='ltr'>Fabricium</span> <span class='ocrx_word' id='word_1_291' title='bbox 1199 3021 1260 3066; x_wconf 92' lang='lat' dir='ltr'>non</span> <span class='ocrx_word' id='word_1_292' title='bbox 1290 3021 1353 3067; x_wconf 86' lang='lat' dir='ltr'>ma-</span> 
     </span>
     <span class='ocr_line' id='line_1_31' title="bbox 135 3097 1353 3187; baseline 0.003 -23"><span class='ocrx_word' id='word_1_293' title='bbox 135 3102 184 3187; x_wconf 73' lang='lat' dir='ltr'>gis</span> <span class='ocrx_word' id='word_1_294' title='bbox 214 3121 305 3184; x_wconf 86' lang='lat' dir='ltr'>quern</span> <span class='ocrx_word' id='word_1_295' title='bbox 337 3119 394 3182; x_wconf 80' lang='lat' dir='ltr'>ego</span> <span class='ocrx_word' id='word_1_296' title='bbox 432 3097 540 3166; x_wconf 86' lang='lat' dir='ltr'>babuit</span> <span class='ocrx_word' id='word_1_297' title='bbox 570 3107 760 3184; x_wconf 83' lang='lat' dir='ltr'>compertum</span> <span class='ocrx_word' id='word_1_298' title='bbox 794 3099 989 3165; x_wconf 79' lang='lat' dir='ltr'>Metellinus.</span> <span class='ocrx_word' id='word_1_299' title='bbox 1050 3099 1217 3166; x_wconf 82' lang='lat' dir='ltr'>Continent</span> <span class='ocrx_word' id='word_1_300' title='bbox 1251 3108 1353 3168; x_wconf 83' lang='lat' dir='ltr'>autem</span> 
     </span>
    </p>
   </div>
   <div class='ocr_carea' id='block_1_4' title="bbox 422 3243 544 3252">
    <p class='ocr_par' dir='ltr' id='par_1_4' title="bbox 422 3243 544 3252">
     <span class='ocr_line' id='line_1_32' title="bbox 422 3243 544 3252; baseline -0.008 0"><span class='ocrx_word' id='word_1_301' title='bbox 422 3243 521 3252; x_wconf 79' lang='lat'>---—-</span> <span class='ocrx_word' id='word_1_302' title='bbox 528 3245 544 3251; x_wconf 72' lang='lat'>..-</span> 
     </span>
    </p>
   </div>
   <div class='ocr_carea' id='block_1_5' title="bbox 135 3333 1354 4304">
    <p class='ocr_par' dir='ltr' id='par_1_5' title="bbox 137 3333 1351 3484">
     <span class='ocr_line' id='line_1_33' title="bbox 138 3333 1351 3408; baseline 0.002 -21"><span class='ocrx_word' id='word_1_303' title='bbox 138 3353 164 3388; x_wconf 90' lang='lat' dir='ltr'>n.</span> <span class='ocrx_word' id='word_1_304' title='bbox 181 3336 265 3391; x_wconf 74' lang='lat' dir='ltr'>anea.</span> <span class='ocrx_word' id='word_1_305' title='bbox 280 3333 379 3402; x_wconf 84' lang='lat' dir='ltr'>Suppl.</span> <span class='ocrx_word' id='word_1_306' title='bbox 399 3333 491 3395; x_wconf 76' lang='lat' dir='ltr'>svn,</span> <span class='ocrx_word' id='word_1_307' title='bbox 510 3351 536 3399; x_wconf 76' lang='lat' dir='ltr'>p.</span> <span class='ocrx_word' id='word_1_308' title='bbox 553 3339 616 3398; x_wconf 74' lang='grc'><strong>618)</strong></span> <span class='ocrx_word' id='word_1_309' title='bbox 634 3337 704 3388; x_wconf 90' lang='lat' dir='ltr'>bene</span> <span class='ocrx_word' id='word_1_310' title='bbox 722 3339 883 3394; x_wconf 77' lang='lat' dir='ltr'>osservsvte</span> <span class='ocrx_word' id='word_1_311' title='bbox 901 3342 936 3391; x_wconf 81' lang='lat' dir='ltr'>a.</span> <span class='ocrx_word' id='word_1_312' title='bbox 950 3339 1129 3406; x_wconf 79' lang='lat' dir='ltr'>Klotcins,</span> <span class='ocrx_word' id='word_1_313' title='bbox 1154 3337 1305 3408; x_wconf 67' lang='lat' dir='ltr'>Virgilium</span> <span class='ocrx_word' id='word_1_314' title='bbox 1323 3338 1351 3393; x_wconf 88' lang='lat' dir='ltr'>in</span> 
     </span>
     <span class='ocr_line' id='line_1_34' title="bbox 137 3415 611 3484; baseline -0.002 -16"><span class='ocrx_word' id='word_1_315' title='bbox 137 3417 339 3484; x_wconf 75' lang='lat' dir='ltr'>(lecrginorurrr</span> <span class='ocrx_word' id='word_1_316' title='bbox 358 3415 472 3466; x_wconf 82' lang='lat' dir='ltr'>exordio</span> <span class='ocrx_word' id='word_1_317' title='bbox 492 3417 611 3472; x_wconf 73' lang='lat' dir='ltr'>dixisses</span> 
     </span>
    </p>

    <p class='ocr_par' dir='ltr' id='par_1_6' title="bbox 137 3497 1353 3802">
     <span class='ocr_line' id='line_1_35' title="bbox 290 3497 914 3564; baseline 0 -13"><span class='ocrx_word' id='word_1_318' title='bbox 290 3497 440 3564; x_wconf 78' lang='lat' dir='ltr'>Poculopno</span> <span class='ocrx_word' id='word_1_319' title='bbox 457 3500 570 3551; x_wconf 81' lang='lat' dir='ltr'>inventis</span> <span class='ocrx_word' id='word_1_320' title='bbox 588 3499 714 3552; x_wconf 80' lang='lat' dir='ltr'>Asbolos&#39;c</span> <span class='ocrx_word' id='word_1_321' title='bbox 732 3503 836 3552; x_wconf 77' lang='lat' dir='ltr'>miscuit</span> <span class='ocrx_word' id='word_1_322' title='bbox 855 3503 914 3554; x_wconf 83' lang='lat' dir='ltr'>uvis</span> 
     </span>
     <span class='ocr_line' id='line_1_36' title="bbox 138 3581 1353 3652; baseline 0.002 -19"><span class='ocrx_word' id='word_1_323' title='bbox 138 3601 190 3638; x_wconf 81' lang='lat' dir='ltr'>rsurr</span> <span class='ocrx_word' id='word_1_324' title='bbox 210 3586 366 3648; x_wconf 78' lang='lat' dir='ltr'>propterca,</span> <span class='ocrx_word' id='word_1_325' title='bbox 385 3587 415 3629; x_wconf 88' lang='lat' dir='ltr'>ut</span> <span class='ocrx_word' id='word_1_326' title='bbox 433 3581 493 3632; x_wconf 85' lang='lat' dir='ltr'>vult</span> <span class='ocrx_word' id='word_1_327' title='bbox 510 3581 680 3642; x_wconf 79' lang='lat' dir='ltr'>Macrobius,</span> <span class='ocrx_word' id='word_1_328' title='bbox 696 3583 768 3652; x_wconf 81' lang='lat' dir='ltr'>quod</span> <span class='ocrx_word' id='word_1_329' title='bbox 789 3583 890 3634; x_wconf 83' lang='lat' dir='ltr'>Graeci</span> <span class='ocrx_word' id='word_1_330' title='bbox 901 3583 1045 3636; x_wconf 83' lang='lat' dir='ltr'>Dodonaei</span> <span class='ocrx_word' id='word_1_331' title='bbox 1062 3582 1169 3634; x_wconf 83' lang='lat' dir='ltr'>oraculi</span> <span class='ocrx_word' id='word_1_332' title='bbox 1186 3582 1353 3635; x_wconf 78' lang='lat' dir='ltr'>anctoritate</span> 
     </span>
     <span class='ocr_line' id='line_1_37' title="bbox 138 3661 1352 3732; baseline -0.001 -12"><span class='ocrx_word' id='word_1_333' title='bbox 138 3664 204 3720; x_wconf 86' lang='lat' dir='ltr'>mati</span> <span class='ocrx_word' id='word_1_334' title='bbox 224 3678 307 3729; x_wconf 84' lang='lat' dir='ltr'>saepe</span> <span class='ocrx_word' id='word_1_335' title='bbox 324 3661 477 3716; x_wconf 81' lang='lat' dir='ltr'>dobelearn</span> <span class='ocrx_word' id='word_1_336' title='bbox 498 3679 547 3730; x_wconf 90' lang='lat' dir='ltr'>pro</span> <span class='ocrx_word' id='word_1_337' title='bbox 563 3661 662 3730; x_wconf 81' lang='lat' dir='ltr'>queris</span> <span class='ocrx_word' id='word_1_338' title='bbox 679 3677 748 3732; x_wconf 85' lang='lat' dir='ltr'>nque</span> <span class='ocrx_word' id='word_1_339' title='bbox 768 3663 938 3728; x_wconf 85' lang='lat' dir='ltr'>posuissent,</span> <span class='ocrx_word' id='word_1_340' title='bbox 950 3665 998 3715; x_wconf 86' lang='lat' dir='ltr'>sed</span> <span class='ocrx_word' id='word_1_341' title='bbox 1018 3671 1166 3730; x_wconf 75' lang='lat' dir='ltr'>propterca</span> <span class='ocrx_word' id='word_1_342' title='bbox 1181 3663 1253 3732; x_wconf 84' lang='lat' dir='ltr'>quod</span> <span class='ocrx_word' id='word_1_343' title='bbox 1265 3681 1352 3732; x_wconf 82' lang='lat' dir='ltr'>prope</span> 
     </span>
     <span class='ocr_line' id='line_1_38' title="bbox 137 3742 703 3802; baseline 0 -6"><span class='ocrx_word' id='word_1_344' title='bbox 137 3749 212 3800; x_wconf 82' lang='lat' dir='ltr'>lanso</span> <span class='ocrx_word' id='word_1_345' title='bbox 232 3743 349 3800; x_wconf 68' lang='lat' dir='ltr'>flavinae</span> <span class='ocrx_word' id='word_1_346' title='bbox 366 3742 494 3795; x_wconf 79' lang='lat' dir='ltr'>inventae</span> <span class='ocrx_word' id='word_1_347' title='bbox 512 3750 607 3802; x_wconf 84' lang='lat' dir='ltr'>essent</span> <span class='ocrx_word' id='word_1_348' title='bbox 625 3761 703 3798; x_wconf 83' lang='lat' dir='ltr'>usna.</span> 
     </span>
    </p>

    <p class='ocr_par' dir='ltr' id='par_1_7' title="bbox 135 3825 1354 4304">
     <span class='ocr_line' id='line_1_39' title="bbox 208 3825 1352 3896; baseline 0 -18"><span class='ocrx_word' id='word_1_349' title='bbox 208 3833 235 3888; x_wconf 74' lang='grc' dir='ltr'>τ)</span> <span class='ocrx_word' id='word_1_350' title='bbox 255 3825 393 3881; x_wconf 80' lang='lat' dir='ltr'>Editionis</span> <span class='ocrx_word' id='word_1_351' title='bbox 412 3825 457 3887; x_wconf 76' lang='lat' dir='ltr'>l¹.‚</span> <span class='ocrx_word' id='word_1_352' title='bbox 485 3832 516 3880; x_wconf 88' lang='lat' dir='ltr'>nt</span> <span class='ocrx_word' id='word_1_353' title='bbox 540 3827 664 3889; x_wconf 68' lang='lat' dir='ltr'>videtne,</span> <span class='ocrx_word' id='word_1_354' title='bbox 695 3844 759 3878; x_wconf 82' lang='lat' dir='ltr'>nam</span> <span class='ocrx_word' id='word_1_355' title='bbox 784 3828 812 3880; x_wconf 87' lang='lat' dir='ltr'>in</span> <span class='ocrx_word' id='word_1_356' title='bbox 830 3829 899 3879; x_wconf 84' lang='lat' dir='ltr'>edit.</span> <span class='ocrx_word' id='word_1_357' title='bbox 916 3829 960 3883; x_wconf 81' lang='lat' dir='ltr'>lt&#39;.</span> <span class='ocrx_word' id='word_1_358' title='bbox 980 3828 1091 3880; x_wconf 85' lang='lat' dir='ltr'>omnino</span> <span class='ocrx_word' id='word_1_359' title='bbox 1110 3844 1164 3878; x_wconf 83' lang='lat' dir='ltr'>nos</span> <span class='ocrx_word' id='word_1_360' title='bbox 1180 3829 1287 3896; x_wconf 77' lang='lat' dir='ltr'>legitur</span> <span class='ocrx_word' id='word_1_361' title='bbox 1303 3829 1352 3878; x_wconf 87' lang='lat' dir='ltr'>bic</span> 
     </span>
     <span class='ocr_line' id='line_1_40' title="bbox 138 3907 1352 3980; baseline -0.002 -18"><span class='ocrx_word' id='word_1_362' title='bbox 138 3912 219 3971; x_wconf 78' lang='lat' dir='ltr'>inslss</span> <span class='ocrx_word' id='word_1_363' title='bbox 242 3918 270 3962; x_wconf 82' lang='lat' dir='ltr'>et</span> <span class='ocrx_word' id='word_1_364' title='bbox 289 3909 317 3962; x_wconf 88' lang='lat' dir='ltr'>in</span> <span class='ocrx_word' id='word_1_365' title='bbox 340 3907 462 3964; x_wconf 81' lang='lat' dir='ltr'>salitionc</span> <span class='ocrx_word' id='word_1_366' title='bbox 486 3911 521 3960; x_wconf 83' lang='lat' dir='ltr'>ab</span> <span class='ocrx_word' id='word_1_367' title='bbox 544 3909 673 3960; x_wconf 81' lang='lat' dir='ltr'>Ernestio</span> <span class='ocrx_word' id='word_1_368' title='bbox 692 3910 805 3980; x_wconf 71' lang='lat' dir='ltr'>digesta</span> <span class='ocrx_word' id='word_1_369' title='bbox 823 3916 851 3961; x_wconf 89' lang='lat' dir='ltr'>et</span> <span class='ocrx_word' id='word_1_370' title='bbox 869 3916 952 3964; x_wconf 79' lang='lat' dir='ltr'>encta</span> <span class='ocrx_word' id='word_1_371' title='bbox 973 3911 1078 3978; x_wconf 79' lang='lat' dir='ltr'>legitur</span> <span class='ocrx_word' id='word_1_372' title='bbox 1096 3910 1151 3961; x_wconf 83' lang='lat' dir='ltr'>sol.</span> <span class='ocrx_word' id='word_1_373' title='bbox 1172 3911 1228 3969; x_wconf 84' lang='grc' dir='ltr'>ΙΙΙ,</span> <span class='ocrx_word' id='word_1_374' title='bbox 1253 3927 1279 3975; x_wconf 85' lang='lat' dir='ltr'>p.</span> <span class='ocrx_word' id='word_1_375' title='bbox 1304 3912 1352 3960; x_wconf 83' lang='lat' dir='ltr'>aee</span> 
     </span>
     <span class='ocr_line' id='line_1_41' title="bbox 137 3988 1352 4064; baseline -0.007 -18"><span class='ocrx_word' id='word_1_376' title='bbox 137 4011 196 4062; x_wconf 72' lang='lat' dir='ltr'>sqq.</span> <span class='ocrx_word' id='word_1_377' title='bbox 232 3993 272 4048; x_wconf 82' lang='lat' dir='ltr'>cl.</span> <span class='ocrx_word' id='word_1_378' title='bbox 292 3991 382 4056; x_wconf 82' lang='lat' dir='ltr'>prael·</span> <span class='ocrx_word' id='word_1_379' title='bbox 402 3989 511 4044; x_wconf 81' lang='lat' dir='ltr'>Farlrrio.</span> <span class='ocrx_word' id='word_1_380' title='bbox 536 3994 591 4048; x_wconf 85' lang='lat' dir='ltr'>sol.</span> <span class='ocrx_word' id='word_1_381' title='bbox 609 3992 634 4058; x_wconf 89' lang='lat' dir='ltr'>l,</span> <span class='ocrx_word' id='word_1_382' title='bbox 653 4010 681 4064; x_wconf 86' lang='lat' dir='ltr'>p.</span> <span class='ocrx_word' id='word_1_383' title='bbox 696 4009 777 4044; x_wconf 79' lang='grc' dir='ltr'><strong>ιιιιι.</strong></span> <span class='ocrx_word' id='word_1_384' title='bbox 814 3993 944 4044; x_wconf 84' lang='lat' dir='ltr'>Ceteram</span> <span class='ocrx_word' id='word_1_385' title='bbox 967 3993 1117 4044; x_wconf 81' lang='lat' dir='ltr'>notandum</span> <span class='ocrx_word' id='word_1_386' title='bbox 1133 3998 1176 4042; x_wconf 85' lang='lat' dir='ltr'>est</span> <span class='ocrx_word' id='word_1_387' title='bbox 1192 3988 1352 4041; x_wconf 80' lang='lat' dir='ltr'>Fabricium</span> 
     </span>
     <span class='ocr_line' id='line_1_42' title="bbox 137 4068 1352 4143; baseline -0.006 -18"><span class='ocrx_word' id='word_1_388' title='bbox 137 4091 216 4128; x_wconf 82' lang='lat' dir='ltr'>suurn</span> <span class='ocrx_word' id='word_1_389' title='bbox 236 4071 356 4128; x_wconf 82' lang='lat' dir='ltr'>indicens</span> <span class='ocrx_word' id='word_1_390' title='bbox 380 4072 547 4140; x_wconf 78' lang='lat' dir='ltr'>scriptoram</span> <span class='ocrx_word' id='word_1_391' title='bbox 571 4091 622 4125; x_wconf 91' lang='lat' dir='ltr'>non</span> <span class='ocrx_word' id='word_1_392' title='bbox 645 4075 800 4143; x_wconf 85' lang='lat' dir='ltr'>sumpsisse</span> <span class='ocrx_word' id='word_1_393' title='bbox 824 4091 858 4126; x_wconf 85' lang='lat' dir='ltr'>cx</span> <span class='ocrx_word' id='word_1_394' title='bbox 881 4073 1004 4126; x_wconf 80' lang='lat' dir='ltr'>editione</span> <span class='ocrx_word' id='word_1_395' title='bbox 1020 4071 1204 4134; x_wconf 82' lang='lat' dir='ltr'>Londinensi,</span> <span class='ocrx_word' id='word_1_396' title='bbox 1233 4083 1285 4134; x_wconf 79' lang='lat' dir='ltr'>qua</span> <span class='ocrx_word' id='word_1_397' title='bbox 1304 4068 1352 4128; x_wconf 80' lang='lat' dir='ltr'>qui</span> 
     </span>
     <span class='ocr_line' id='line_1_43' title="bbox 135 4144 1354 4224; baseline -0.007 -16"><span class='ocrx_word' id='word_1_398' title='bbox 135 4157 189 4214; x_wconf 82' lang='lat' dir='ltr'>iras</span> <span class='ocrx_word' id='word_1_399' title='bbox 206 4155 400 4212; x_wconf 84' lang='lat' dir='ltr'>adnotationes</span> <span class='ocrx_word' id='word_1_400' title='bbox 423 4155 537 4220; x_wconf 78' lang='lat' dir='ltr'>scripsit</span> <span class='ocrx_word' id='word_1_401' title='bbox 561 4173 628 4209; x_wconf 87' lang='lat' dir='ltr'>usus</span> <span class='ocrx_word' id='word_1_402' title='bbox 650 4161 707 4222; x_wconf 86' lang='lat' dir='ltr'>cst,</span> <span class='ocrx_word' id='word_1_403' title='bbox 731 4158 782 4210; x_wconf 85' lang='lat' dir='ltr'>sed</span> <span class='ocrx_word' id='word_1_404' title='bbox 803 4157 829 4208; x_wconf 85' lang='lat' dir='ltr'>ei</span> <span class='ocrx_word' id='word_1_405' title='bbox 848 4153 1029 4224; x_wconf 81' lang='lat' dir='ltr'>praemisisse</span> <span class='ocrx_word' id='word_1_406' title='bbox 1047 4154 1145 4202; x_wconf 83' lang='lat' dir='ltr'>serbe:</span> <span class='ocrx_word' id='word_1_407' title='bbox 1174 4153 1218 4201; x_wconf 77' lang='lat' dir='ltr'>Ex</span> <span class='ocrx_word' id='word_1_408' title='bbox 1241 4144 1354 4196; x_wconf 65' lang='lat' dir='ltr'>stillim</span> 
     </span>
     <span class='ocr_line' id='line_1_44' title="bbox 141 4235 703 4304; baseline 0 -14"><span class='ocrx_word' id='word_1_409' title='bbox 141 4242 176 4293; x_wconf 90' lang='lat' dir='ltr'>lo.</span> <span class='ocrx_word' id='word_1_410' title='bbox 199 4239 286 4290; x_wconf 82' lang='lat' dir='ltr'>lsocci</span> <span class='ocrx_word' id='word_1_411' title='bbox 308 4235 423 4290; x_wconf 84' lang='lat' dir='ltr'>Pontem&#39;</span> <span class='ocrx_word' id='word_1_412' title='bbox 442 4236 529 4304; x_wconf 77' lang='lat' dir='ltr'>Lngd.</span> <span class='ocrx_word' id='word_1_413' title='bbox 549 4237 602 4289; x_wconf 75' lang='lat' dir='ltr'>aar</span> <span class='ocrx_word' id='word_1_414' title='bbox 632 4242 703 4290; x_wconf 76' lang='lat' dir='ltr'>leae.</span> 
     </span>
    </p>
   </div>
   <div class='ocr_carea' id='block_1_6' title="bbox 0 0 1526 4900">
    <p class='ocr_par' dir='ltr' id='par_1_8' title="bbox 0 0 1526 4900">
     <span class='ocr_line' id='line_1_45' title="bbox 0 0 1526 4900; baseline 0 3"><span class='ocrx_word' id='word_1_415' title='bbox 0 0 1526 4900; x_wconf 95' lang='lat' dir='ltr'> </span> 
     </span>
    </p>
   </div>
  </div>
 </body>
</html>
