3042 4900
186 184 254 241 tum
282 172 313 236 in
339 170 399 235 lilia
428 167 564 232 animum
589 185 690 252 usque
719 166 757 233 ad
788 166 921 250 speeiem
949 163 1159 248 procacitatis,
1196 165 1251 230 scd
1277 177 1367 235 reatu

187 261 334 324 liberum:
357 263 388 319 et
408 252 498 317 talem
521 250 615 317 luisse
638 273 654 316 a
677 251 719 315 ud
742 251 874 316 maiores
897 248 1056 315 Claudiam
1078 249 1202 314 credere
1223 252 1366 319 audebat.

187 347 298 427 ltaque
319 340 397 404 inter
417 338 531 402 amicos
553 336 629 402 dixit
648 272 724 401 duas
744 334 858 401 habero
876 356 909 399 se
927 333 1003 398 filias
1022 333 1183 410 delicatas,
1213 356 1290 420 quas
1312 359 1365 404 ne·

158 431 274 495 deesse
301 424 428 489 baberet
454 421 549 499 ferre,
581 442 645 485 rem
673 421 825 505 publicam
849 427 881 485 et
901 419 1019 485 Iuliam.
1062 419 1198 484 Venerat
1224 420 1262 485 ad
1291 443 1364 488 eum

188 511 346 579 licentiore
371 507 499 583 vestitu,
533 515 564 570 et
592 506 698 571 oculos
729 505 899 571 offenderat
924 504 1019 588 patris
1045 504 1184 568 tacentis.
1232 506 1367 573 Mutavit

190 598 291 663 cultus
316 594 363 660 sui
386 599 507 677 postera
530 590 580 655 die
602 612 732 669 morem,
756 600 787 655 et
807 590 920 655 laetum
943 598 1059 673 patrem
1082 587 1233 654 adfectata
1253 592 1365 657 severi·

189 690 253 746 tate
277 679 423 765 conplexa
448 684 502 741 est
541 680 585 740 At
608 676 671 753 ille,
700 676 753 760 qui
775 674 872 760 pridie
891 672 1029 738 dolorem
1049 693 1139 737 suum
1162 674 1365 755 continuerat,

191 765 337 850 gaudium
360 761 517 827 continere
538 782 600 825 non
619 760 737 845 potuit,
757 767 802 825 et:
824 759 978 836 Quantam
998 760 1065 833 liic,
1087 757 1144 835 ait,
1165 760 1201 824 in
1254 762 1286 824 io
1302 763 1365 826 Aa·

192 853 275 936 pacti
294 848 547 936 probabiliorem
571 846 687 911 euim?
726 845 795 909 Non
823 842 920 907 deluit
945 842 1116 927 patrocinio
1139 863 1195 908 suo
1234 844 1297 909 ulia
1318 844 1366 909 bis

165 934 310 1001 liverbis:
333 932 432 997 Hodie
455 932 532 995 entire
549 952 596 995 me
608 930 710 1017 patrie
732 930 825 995 oculei
843 929 967 1003 ornavi,
985 928 1054 991 lieri
1071 929 1142 991 ciri.
1196 929 1313 995 Notum
1336 938 1369 997 at

196 1018 280 1083 illud.
321 1021 503 1081 averterant
525 1014 556 1078 in
582 1036 614 1079 se
634 1014 782 1099 populum
808 1013 839 1077 iu
863 1011 1037 1097 spectaculo
1061 1011 1262 1095 gladiatorum
1280 1013 1367 1081 Livia

196 1112 228 1167 at
248 1101 325 1166 Iulia
346 1100 508 1165 comitatus
531 1098 793 1176 dissimilitudine,
839 1097 932 1182 uippa
952 1096 1142 1179 cingentibus
1162 1096 1278 1162 Liviam
1298 1120 1366 1197 gra-

195 1186 284 1253 vibus
305 1184 391 1264 viris,
419 1183 495 1249 baec
520 1183 685 1251 iuventutis
707 1118 885 1268 etquidem
907 1181 1081 1247 luxuriosae
1101 1201 1193 1266 grege
1210 1182 1366 1249 circumar-

263 1354 344 1421 [Μαι.
363 1352 515 1407 Auuusv.

194 1441 220 1489 4.
248 1435 483 1499 haieretldelt,
504 1440 618 1495 ornae)
638 1434 672 1487 G.
706 1452 733 1487 ee
750 1436 846 1488 babere
865 1436 944 1488 e-bl’.
976 1464 1012 1475 -
1036 1438 1100 1487 iet
1116 1437 1367 1502 &neapolitana

195 1511 221 1556 ct
240 1505 314 1555 iulia
332 1512 441 1557 venerat
459 1505 496 1555 ad
514 1520 571 1555 erem
585 1501 640 1554 BV.
672 1504 866 1570 compulsatio
882 1510 993 1556 venerat
1009 1503 1047 1555 ad
1063 1519 1123 1554 eum
1139 1500 1158 1553 i.
1196 1503 1318 1554 iuliane
1338 1511 1368 1556 et

196 1571 404 1638 liempabliaam.
437 1572 513 1622 latio
531 1572 694 1622 venerated
714 1586 773 1623 eum
793 1588 852 1638 e-g.
887 1586 969 1638 remp·
995 1571 1032 1623 Et
1052 1571 1128 1621 Iulia
1149 1570 1229 1621 venit
1253 1571 1290 1621 ad
1308 1587 1369 1621 eune

195 1637 243 1688 1³1.
278 1654 358 1705 remp.
378 1645 403 1688 at
422 1638 495 1688 ialin
513 1640 598 1697 (ras.)
618 1643 746 1688 venerata
766 1637 846 1689 deam
867 1638 901 1689 G.
936 1654 1018 1703 remp.
1038 1644 1063 1687 et
1081 1638 1154 1687 iulia
1172 1644 1304 1689 cannata
1322 1638 1369 1689 de·

194 1718 269 1753 mum
287 1702 336 1753 Pr.
371 1720 452 1770 remp.
471 1711 496 1754 et
519 1704 591 1754 ialin
615 1710 747 1755 venerata
769 1705 934 1757 dominum
955 1702 1165 1755 dSvMfflltPssd.
1267 1707 1292 1754 5.
1320 1719 1366 1755 ec-

194 1768 430 1821 naitonuuvuor.
464 1770 572 1822 babitu
588 1770 708 1821 i-erSi'.
728 1799 754 1809 —·
776 1773 853 1824 culto
869 1771 1066 1841 S.-gaudio
1085 1770 1213 1821 s.-m
1245 1775 1366 1834 cantum,

194 1837 245 1897 ait,
263 1838 291 1886 in
303 1837 347 1902 fil.
365 1839 437 1905 Aug.
456 1837 523 1903 prol.
541 1845 579 1889 est
596 1838 638 1887 bic
652 1838 738 1889 cultae
755 1837 812 1907 i-g.
914 1842 940 1889 6.
971 1842 1128 1890 Averterant
1144 1836 1216 1887 ABG
1240 1834 1368 1886 tl-zmra

196 1902 250 1962 (Pi
268 1918 283 1953 a
301 1920 325 1969 p.
345 1918 382 1955 rn.
400 1910 584 1965 auerterent).
610 1903 727 1967 „Scribe
750 1912 947 1959 converterant
966 1921 999 1955 ex
1021 1904 1088 1955 aliie
1107 1903 1295 1967 editionibne,
1322 1905 1369 1955 vel

195 1970 406 2022 adverterant.“
424 1971 508 2021 Gron.
542 1972 720 2023 adverterant
737 1971 792 2024 nra.
829 1970 1122 2025 concertarentbl'ls.
1158 1972 1368 2023 conuertebant

195 2036 261 2088 vl’6.
282 2064 313 2075 -
331 2038 454 2105 equidem
468 2038 537 2103 (orn.
556 2039 595 2103 et)
613 2038 646 2090 G.
661 2052 696 2077 ‘-
714 2040 860 2093 luxurioso
878 2040 919 2101 (G
936 2056 953 2093 e
971 2056 1027 2091 sec.
1046 2032 1098 2104 ris.)
1113 2041 1203 2089 v1.-
1221 2039 1366 2091 circume-

195 2186 275 2237 vcrbi
293 2186 411 2239 blandiri
425 2184 600 2255 significatio
616 2192 669 2255 eet,
686 2187 716 2239 b.
729 2203 755 2239 a.
805 2197 920 2243 uteret.
957 2189 1000 2241 ct.
1017 2186 1115 2239 birine
1134 2184 1237 2249 xxix,
1259 2189 1306 2251 14,
1325 2190 1367 2237 12.

196 2252 346 2319 credebat,
368 2271 417 2305 eeu
436 2256 471 2305 ob
491 2254 695 2323 indulgentiam
713 2254 755 2308 in·
808 2258 950 2310 Matronae
975 2256 1103 2324 primores
1131 2256 1263 2318 οἰνίεαιίο,
1300 2256 1370 2307 inter

196 2321 318 2374 ducebat
334 2322 458 2373 animum
474 2328 505 2373 ut
522 2324 649 2376 crederet
665 2322 755 2375 filiam
807 2341 874 2391 quae
896 2326 978 2376 unius
999 2323 1167 2376 Claudiae
1193 2323 1309 2386 Quintae
1326 2322 1370 2373 in·

196 2390 308 2454 quidem
336 2388 427 2441 rideri
454 2388 624 2458 impudicam
651 2390 699 2442 red
725 2408 756 2443 re
810 2394 834 2443 ei
875 2399 946 2445 eeet
962 2408 1069 2456 nomen,
1087 2404 1224 2458 accepere.-
1250 2389 1294 2439 eni
1310 2390 1370 2441 der·

197 2472 260 2508 cese
283 2459 418 2510 caetum.“
439 2457 523 2510 Zeus.
551 2485 578 2497 -
598 2458 755 2511 Freundiue
807 2461 874 2523 dra,
911 2467 941 2512 ul
980 2459 1112 2520 traditur,
1160 2465 1240 2508 anteo
1274 2459 1369 2521 sema

197 2523 282 2575 affert
300 2524 413 2589 lllpian.
430 2523 494 2592 uig.
515 2524 609 2590 ΧῊῚ,
620 2531 645 2590 7,
657 2528 683 2576 3.
694 2543 717 2578 ι.
730 2530 755 2577 2.
808 2528 990 2579 clariorem
1007 2527 1048 2577 ad
1064 2532 1216 2592 posterae
1232 2531 1288 2575 tam
1303 2523 1368 2573 reli-

197 2591 436 2644 Blendiantur
457 2591 526 2642 enirn
552 2594 618 2644 eiii
640 2594 686 2661 qui
706 2611 759 2662 prr-
833 2596 888 2645 iaec
905 2594 1051 2647 ministerio
1074 2592 1272 2658 pudicitiam
1288 2591 1370 2654 secitr

196 2665 255 2709 tant
276 2659 431 2710 lrorrorarios
451 2667 548 2710 tutores
573 2662 677 2712 omnino
705 2678 759 2712 noa
810 2612 886 2713 iun.
902 2660 936 2713 N.
952 2661 987 2712 Η.
1004 2660 1062 2721 Vll,
1078 2664 1121 2710 ³5.
1141 2657 1371 2712 Padioiesima

196 2726 289 2788 teneri,
305 2725 429 2777 ctorid.
447 2725 506 2776 Aru.
523 2725 560 2789 ll,
578 2732 619 2790 11,
637 2731 679 2780 54.
707 2729 759 2780 Car
804 2731 912 2794 semina
989 2729 1110 2778 iudicata
1132 2735 1171 2778 eet
1189 2762 1213 2778 ..
1231 2725 1371 2792 religionis

196 2794 356 2844 nonsatis
375 2794 534 2845 blandiar
553 2792 724 2862 iprensis?
809 2796 984 2862 experimento
1012 2794 1159 2845 Claudia
1182 2793 1291 2844 inducto
1313 2793 1370 2844 ua-

229 2858 318 2925 reatu]
337 2859 356 2910 i.
367 2877 391 2910 e.
406 2861 497 2926 culpa.
517 2859 559 2912 Gi.
574 2861 757 2913 Hildebruud.
809 2879 880 2914 nram
902 2861 984 2911 uena
1005 2861 1107 2919 Matre,·
1138 2859 1265 2910 [ructant.
1282 2857 1323 2922 ll,
1342 2864 1368 2921 7,

197 2925 233 2976 ed
249 2927 329 2990 Apul.
346 2927 458 2980 llletnm.
477 2927 537 2991 vn,
554 2932 578 2979 9.
600 2945 626 2994 p.
644 2932 706 2979 550.
724 2953 759 2967 ·-
811 2932 852 2979 la.
876 2926 1052 2979 Claudiam
1064 2929 1172 2989 scunt,
1212 2942 1272 2977 aee
1290 2941 1370 2978 een·

196 2993 347 3044 Messalam
366 2994 421 3045 hnc
442 3011 510 3048 voce
552 2992 652 3046 rimam
676 3010 759 3046 neum
807 3009 868 3060 per
887 2993 1060 3058 impudica
1080 2999 1168 3042 eeeet
1191 2944 1309 3044 inlita
1333 2993 1371 3044 ab

197 3075 259 3111 esee
277 3061 376 3112 retulit
394 3061 514 3128 Quintil.
531 3013 604 3124 illl,
619 3063 699 3123 8,³4.
807 3060 928 3111 nimiae
951 3057 1108 3123 corporis
1131 3057 1256 3119 cultae,
1291 3059 1371 3111 deam

229 3127 310 3178 talem
330 3129 417 3192 fairra
436 3129 510 3196 apud
535 3128 649 3177 maiores
675 3127 758 3178 Clan—
809 3162 834 3177 ..
853 3140 951 3186 mosee,
970 3132 1009 3186 ut,
1027 3124 1051 3174 ei
1064 3139 1092 3174 ee
1109 3130 1210 3176 caelone
1227 3125 1370 3189 iudicaret,

197 3193 281 3260 diam]
302 3195 435 3257 Zeuniue,
453 3193 499 3259 qui
518 3200 613 3244 eeneet
631 3189 757 3258 intelligi
808 3209 885 3244 ecana
903 3192 1042 3260 cingulum
1057 3199 1223 3258 repueretar3
1239 3190 1290 3243 Sil.
1304 3192 1370 3247 ltal.

197 3260 231 3327 Q.
265 3261 377 3314 Metelli
412 3258 522 3312 Galeri·
555 3274 686 3321 uxorem,
722 3259 757 3309 de
808 3259 955 3323 uuluae.
981 3259 1196 3311 Claudianae
1217 3276 1305 3326 aequa
1318 3278 1370 3327 po·

196 3325 277 3378 cuiue
311 3329 394 3382 foeda
429 3323 549 3378 libidine
582 3331 690 3378 constet
723 3341 756 3376 ex
806 3328 867 3394 puli
886 3327 1074 3379 aaleeredita
1089 3329 1178 3392 ferna.
1213 3325 1274 3377 Non
1292 3333 1369 3378 recte

195 3392 255 3446 Cic.
281 3413 331 3462 pro
349 3395 459 3456 (laelio,
486 3393 522 3445 ed
543 3392 602 3443 Ati.
626 3390 667 3454 ll,
688 3395 711 3444 Ι.
728 3396 758 3442 et
808 3395 895 3462 volgo
928 3410 978 3460 pro
1007 3393 1120 3461 virgine
1149 3392 1253 3443 Veetali
1284 3393 1371 3442 Clan-

195 3461 350 3514 Plutarcbo
373 3462 401 3514 in
424 3459 560 3511 Cicerone
577 3457 669 3525 iieque
686 3473 756 3526 pune
808 3460 882 3513 dium
899 3460 998 3514 baberi
1018 3460 1251 3512 docuitllnlicrue
1270 3456 1297 3508 in
1317 3458 1370 3509 ad·

195 3528 340 3582 Manutius
365 3525 541 3580 adnotaverit
568 3529 602 3578 nd
624 3527 683 3580 Cio.
707 3525 757 3577 ui-
807 3534 863 3582 not.
881 3528 916 3580 ad
935 3528 1045 3580 bivium
1064 3529 1083 3579 l.
1099 3545 1123 3578 c.
1146 3525 1191 3578 ct.
1207 3525 1293 3578 etiam
1309 3525 1368 3579 Cic.

196 3611 269 3646 rere.
285 3598 366 3660 V,2.‚
383 3595 543 3662 latericulo,
562 3596 694 3660 utuiunt,
711 3611 757 3647 er·
808 3614 836 3663 p.
852 3595 930 3648 Cael.
959 3600 1006 3660 14,
1027 3599 1044 3660 s
1067 3597 1110 3648 34.
1137 3600 1166 3646 et
1193 3594 1227 3647 do
1251 3593 1368 3663 barnep.

196 3665 250 3710 ret.
301 3661 425 3726 Namque
460 3659 532 3714 bane
559 3664 647 3729 fuisse
681 3662 757 3730 apud
807 3681 882 3731 resp.
901 3665 1034 3728 imit.

195 3727 309 3778 maioras
325 3727 468 3795 Augustae
491 3737 566 3784 certe
590 3731 684 3782 dicere
701 3746 755 3782 non
839 3737 866 3784 b·
902 3733 1043 3797 adfectata
1065 3728 1214 3796 seueritate]
1240 3727 1284 3779 cl.
1310 3727 1369 3780 cie.

196 3792 346 3858 potuit‚ne
367 3813 509 3850 raceormo
527 3797 756 3850 aetdemuliere
808 3797 843 3851 de
869 3799 932 3850 bar.
962 3815 1036 3865 resp.
1069 3799 1088 3849 l.
1116 3814 1141 3848 o.
1178 3797 1209 3862 Q.
1240 3796 1366 3858 Claudia,

195 3859 279 3912 foena
295 3813 414 3916 libidine
432 3864 541 3931 iniomi,
554 3864 602 3919 red
621 3864 655 3918 de
670 3864 757 3918 dubia
807 3867 881 3918 euius
911 3867 1053 3932 priscam
1084 3865 1178 3916 illam
1210 3864 1370 3917 reuerita·

195 3925 271 3980 inmo
290 3929 412 3982 feminae
428 3939 533 3996 castae,
552 3930 644 4000 qualis
663 3933 757 3984 iuerat
807 3941 869 3984 tem
886 3934 1011 4000 sacrifieii
1028 3933 1202 3996 mirificatae
1218 3948 1292 3984 eoror
1313 3931 1369 3984 eei-

195 3993 249 4048 ille
266 3994 385 4049 Claudia
403 3999 437 4050 de
455 4016 510 4066 que
528 3999 679 4050 Suetonius
691 3998 758 4051 Tib.
808 4002 932 4053 eumelus
945 4000 1060 4052 imitata.

194 4066 235 4114 Ἅι
269 4066 398 4129 Claudia,
429 4067 534 4132 inquit,
558 4068 617 4131 suit
640 4075 666 4119 et
690 4083 759 4134 puae
842 4071 868 4117 6.
903 4070 1063 4120 Averterant
1086 4066 1114 4118 in
1139 4081 1167 4118 ec
1184 4062 1326 4146 populum]
1350 4078 1369 4114 ι

193 4148 287 4184 nauem
300 4151 358 4186 cnm
371 4135 759 4188 sacriaMatrieDeumldncae
809 4136 971 4201 spectaculo
995 4135 1042 4187 vel
1065 4150 1083 4186 a
1107 4139 1209 4186 cetam
1231 4131 1279 4199 qui
1302 4130 1369 4183 ade·

194 4199 377 4254 obhaerentem
404 4203 526 4254 'liberino
548 4203 618 4253 cado
642 4201 758 4254 extraxit
808 4208 881 4255 runt.
896 4201 1014 4254 cuuis.
1029 4202 1109 4266 lus,
1126 4206 1151 4252 6.
1173 4201 1227 4251 Sed
1244 4218 1263 4251 a
1278 4199 1370 4250 ceterie

192 4275 303 4330 precata
319 4271 476 4338 propalam,
502 4276 533 4322 ut
550 4270 590 4321 ita
607 4269 712 4320 demum
730 4285 758 4320 ee
810 4307 833 4322 ..
862 4269 978 4322 conealie
1007 4269 1084 4322 liberi
1110 4268 1251 4320 omniurn
1278 4267 1312 4319 in
1336 4280 1369 4317 ee

195 4344 355 4402 aequaretur,
373 4340 404 4392 ei
420 4337 486 4393 eibi
499 4337 669 4406 pudicitia
687 4354 758 4392 con·
808 4344 1007 4393 averterant
1024 4336 1147 4390 ooaloa.
