3042 4900
238 31 304 99 tlt
721 20 933 90 nncuoull

239 198 352 287 ortibus
372 194 535 261 nonem
555 188 705 257 tortitudo
726 191 947 269 neutrorum,
967 196 999 255 et
1020 188 1092 255 inde
1109 188 1191 257 saltu
1213 189 1334 255 timoris
1356 191 1432 274 agi-

211 288 354 351 lltantur.
400 280 480 345 lline
508 284 542 343 et
568 277 773 342 laxamentum
803 276 917 341 ventris
948 276 1115 341 comitatur
1143 276 1305 352 timorem,
1344 276 1431 360 quia

240 366 370 435 muscidi
397 364 511 449 quibus
532 361 754 427 claudebantur
782 359 1032 427 retrimentorum
1055 367 1174 425 mestus
1199 359 1349 444 fugientis
1378 361 1432 424 in-

241 462 376 519 trorsum
402 448 522 513 animae
548 446 660 511 virtute
685 444 797 511 deserti
823 444 926 509 laxent
949 444 1071 511 vincula
1098 444 1211 529 quibus
1240 445 1432 510 retrimenta

194 538 343 621 Idusque
373 533 412 599 ed
442 530 621 615 digestionis
649 529 888 615 oportunitatem
918 529 1165 595 continebantur.
1215 529 1342 595 Servius
1379 530 1432 595 liis

242 621 333 687 dictis
353 615 566 683 venerabiliter
585 614 733 681 adsensus
754 613 895 679 obticuit

326 704 399 769 llll.
443 702 530 765 Tune
558 697 710 765 avienus:
743 697 827 777 Quia
848 718 898 763 me
919 696 1012 773 ordo,
1039 697 1099 773 ait,
1123 696 1162 763 ad
1187 696 1428 763 similitudinem

244 786 478 855 consultationis
497 783 644 868 nuntient,
669 782 863 849 reducentur
885 780 959 847 mihi
986 792 1033 849 est
1056 782 1095 848 ad
1121 782 1292 849 convivium
1318 802 1430 847 sermo

93 927 99 939 .
195 873 320 961 psopqni
345 869 467 952 longius
493 889 510 932 a
535 888 639 933 mensa
661 867 723 933 iam
746 867 846 933 iuerat
872 872 1016 950 evagatus
1042 874 1075 933 ct
1099 866 1138 931 ad
1161 866 1236 933 alins
1259 866 1432 932 transierat

216 954 450 1043 iqueestiones.
493 952 592 1035 Saepe
612 950 752 1035 adposita
772 951 858 1017 salita
880 971 981 1029 earne,
998 972 1093 1035 quem
1110 952 1245 1017 lnridrnn
1265 971 1430 1027 sommus,

244 1049 281 1108 ut
306 1038 417 1124 opinor
446 1035 534 1121 quasi
564 1035 648 1120 large
670 1035 807 1113 aridum,
839 1056 987 1121 quaerere
1013 1055 1134 1101 mecum
1164 1035 1229 1119 ipae
1262 1035 1428 1111 constitui,

290 1122 451 1189 aratione
474 1140 596 1186 carnem
624 1120 663 1186 ad
689 1120 921 1187 diuturnitatem
952 1140 1027 1185 usus
1052 1119 1199 1187 admixtio
1219 1120 1290 1185 selis
1313 1128 1427 1187 servet

298 1230 315 1273 c
336 1208 410 1273 licet
425 1204 588 1271 aestimare
610 1225 729 1271 mecum
749 1204 874 1289 poesim,
895 1204 975 1271 malo
993 1212 1097 1271 tamen
1114 1206 1153 1269 eb
1173 1226 1210 1271 eo
1235 1205 1289 1289 qui
1311 1226 1427 1289 eorpo-

217 1296 332 1369 3ribus
355 1299 442 1359 curat
469 1290 582 1357 certior
603 1290 679 1355 lieri.
721 1290 764 1353 Et
785 1288 942 1355 llieaxins:
976 1289 1078 1355 Omne
1101 1310 1213 1375 corpus
1235 1299 1346 1375 suapte
1371 1311 1427 1355 na·

246 1388 315 1447 tura
338 1376 516 1444 dissolubile
541 1381 573 1439 et
596 1372 765 1440 marcidum
793 1384 840 1441 est
864 1382 912 1451 ct,
942 1374 1001 1439 nisi
1020 1373 1153 1459 quodam
1178 1374 1301 1440 rinenlo
1323 1374 1426 1440 eonti-

246 1471 372 1538 noatur,
401 1459 488 1525 lacilo
513 1458 628 1526 deduit
670 1458 855 1525 Continetur
882 1468 1000 1535 autem,
1037 1458 1185 1543 quamdiu
1209 1459 1289 1523 inest
1309 1459 1426 1533 anima,

247 1544 486 1631 reciprocetione
510 1542 604 1621 aeris,
635 1564 697 1627 quo
726 1551 906 1627 vegetantur
927 1544 1143 1629 conceptacula
1174 1543 1314 1627 spiritus,
1346 1543 1425 1609 dnm

219 1637 368 1715 tromper
384 1649 465 1693 novo
484 1627 620 1712 spirandi
639 1628 819 1694 nutriuntur
836 1628 991 1694 alimento.
1035 1629 1103 1695 lloe
1121 1636 1260 1694 cessante
1279 1647 1335 1713 per
1357 1627 1425 1693 ani·

247 1734 317 1779 mae
344 1712 511 1777 discessum
537 1712 676 1777 membre
702 1720 911 1790 marcescunt,
943 1720 975 1777 et
997 1733 1089 1777 omne
1107 1712 1243 1798 pondere
1265 1732 1325 1779 suo
1346 1734 1424 1777 con-

248 1797 364 1862 dietum
386 1814 499 1877 corpus
520 1794 686 1868 obteiur:
722 1805 788 1861 tum
813 1797 937 1881 mugnis
957 1796 1061 1874 etiem,
1094 1797 1163 1884 qui,
1195 1797 1344 1881 quamdiu
1364 1796 1425 1865 luit

248 1878 519 1965 compescueris,
546 1878 640 1945 dabat
661 1881 806 1945 membris
828 1882 978 1966 rigorem,
999 1881 1100 1948 eslere
1122 1882 1295 1949 discedente
1314 1902 1423 1947 rursm

248 1966 281 2033 in
303 1964 419 2030 saniem
435 1983 498 2027 non
521 1970 624 2030 manet
642 1963 722 2029 intre
743 1985 851 2043 venas,
872 1966 925 2031 sed
945 1965 1026 2033 foras
1048 1967 1242 2051 exprimitur:
1264 1976 1361 2051 atque
1382 1968 1424 2031 ita

218 2050 356 2119 5laxatis
378 2047 572 2133 spiramentis
600 2047 697 2115 eilluit
718 2050 804 2117 tabes
829 2050 1007 2117 faeculenta.
1050 2052 1087 2119 ld
1114 2051 1179 2117 lieri
1201 2052 1245 2117 sal
1266 2051 1423 2119 admixtus

247 2134 368 2220 corpori
391 2132 541 2218 prohibet
583 2133 642 2199 Est
664 2134 744 2200 enim
772 2142 881 2201 natura
905 2136 1005 2201 sicem
1030 2143 1063 2201 et
1087 2134 1217 2213 calidus,
1249 2144 1282 2203 et
1302 2136 1421 2203 lluxum

247 2219 372 2306 quidem
405 2218 543 2303 corporis
575 2218 677 2283 calore
709 2219 877 2297 contrelrit,
909 2219 1069 2287 humorem
1101 2240 1174 2286 sero
1205 2220 1342 2285 siccitate
1375 2222 1422 2286 rel

247 2310 369 2369 coercet
394 2302 440 2368 vel
469 2302 603 2367 exornet
646 2303 737 2369 Certe
762 2304 922 2370 humorem
951 2304 1014 2369 sale
1040 2304 1154 2370 differri
1187 2306 1249 2369 sive
1280 2306 1422 2370 consumi

248 2386 283 2453 lit
304 2387 375 2452 hinc
395 2385 520 2471 cognitu
539 2385 634 2465 facile,
654 2388 794 2474 quodsi
815 2389 894 2456 duos
955 2410 1008 2455 nes
1028 2390 1093 2476 pari
1115 2388 1326 2490 magnitudine
1342 2390 1421 2456 lece

248 2473 300 2549 ris,
320 2493 419 2538 unum
442 2471 505 2536 sele
522 2491 696 2557 aspersum,
728 2475 794 2540 sine
816 2474 878 2540 sale
899 2483 1046 2552 aterum,
1079 2475 1213 2542 inventes
1235 2475 1421 2562 indigentem

247 2556 319 2622 salis
337 2555 472 2642 pondere
494 2556 733 2642 propensiorem,
755 2559 871 2625 scilieet
891 2559 1021 2625 humore
1043 2559 1074 2624 in
1096 2580 1133 2624 eo
1152 2580 1207 2646 per
1227 2559 1298 2625 salis
1324 2583 1420 2648 penu·

219 2642 324 2708 triam
354 2647 560 2728 permanente
610 2642 653 2708 ut
673 2641 733 2709 hoe
753 2663 771 2710 a
792 2642 914 2710 Disario
943 2665 1013 2711 meo
1044 2645 1216 2732 quaesitum
1245 2644 1335 2726 volo,
1367 2667 1422 2714 eur

315 2793 396 2860 [un.
416 2792 522 2844 ausu.

245 2879 272 2926 t.
297 2877 478 2993 losnmegtann
500 2879 600 2931 centris
621 2877 688 2944 cet]
717 2877 761 2929 (ll.
780 2878 856 2931 Alex.
875 2879 895 2930 l.
913 2895 937 2930 e.
965 2905 1000 2918 -
1027 2879 1220 2933 continebatur
1240 2879 1274 2932 Ρ.
1380 2885 1421 2933 tt.

245 2958 385 2994 ecernssr
423 2977 430 2992 .

313 3007 376 3058 llll.
417 3011 505 3076 Caput
524 3008 588 3061 ΧΗ.
619 3011 659 3061 De
679 3013 878 3079 quaestionibus
895 3012 1043 3080 quindecim
1064 3013 1170 3066 Diceris
1189 3015 1222 3066 ed
1239 3013 1343 3066 Aniene
1355 3031 1421 3082 pre·

243 3075 348 3140 positis.
368 3075 449 3125 ele-tr·
554 3079 577 3127 l.
607 3077 672 3128 erili
689 3087 760 3139 (om.
779 3087 831 3140 est)
851 3079 879 3132 S.
915 3088 954 3132 est
971 3079 1036 3130 ulte·
1054 3095 1115 3148 v·g.
1132 3109 1166 3120 -
1183 3099 1201 3133 e
1219 3097 1310 3134 nesse
1323 3085 1423 3146 fueret

245 3139 399 3198 (omium)
423 3139 451 3190 S.
554 3145 580 3191 2
609 3145 743 3197 centeno
761 3163 825 3216 v-g.
855 3173 879 3184 -
911 3148 1046 3199 extimare
1063 3163 1124 3266 rip.
1154 3173 1187 3186 -
1215 3165 1334 3216 corpore
1366 3151 1422 3203 Ae

245 3221 304 3256 see.
321 3209 375 3262 tn.)
392 3221 452 3272 s-g.
482 3231 515 3244 -
545 3216 621 3260 earet
638 3225 695 3261 orn.
715 3212 746 3263 Ρ.
848 3215 874 3265 4.
894 3214 1084 3279 Jeeuleetud
1115 3247 1123 3263 ·
1152 3217 1301 3278 letale-te
1318 3215 1352 3268 Ρ.

278 3275 306 3323 t.
331 3271 420 3323 enlm
436 3273 589 3338 preditet
605 3279 738 3332 contraiit
762 3283 806 3331 xl.
835 3308 868 3319 -
888 3282 996 3346 fluente
1020 3285 1097 3348 (unp.
1121 3282 1185 3334 edd.
1203 3288 1262 3342 ent
1287 3285 1318 3336 Δ.

278 3407 304 3456 e.
335 3405 479 3472 lentitudo]
503 3401 523 3456 i.
539 3422 563 3458 e.
582 3405 712 3461 tirmiter.
742 3411 807 3463 Ale·
856 3411 910 3466 uu·
932 3427 1011 3465 exem
1033 3413 1155 3478 leritnee
1174 3417 1223 3468 sed
1243 3415 1308 3470 ride
1324 3433 1361 3470 ne
1379 3419 1421 3470 le·

245 3471 351 3524 xsnder
374 3472 476 3535 l‚1e.=
502 3468 546 3524 Tri
568 3473 655 3541 stripe
675 3479 805 3543 καταλιμ-
856 3478 978 3547 gendum
999 3489 1038 3532 ert
1056 3483 1189 3546 diffluit,
1209 3491 1242 3536 ut
1258 3483 1300 3537 alt
1316 3484 1421 3538 liuere·

243 3533 335 3607 πόνει,
349 3530 420 3619 o'ixsp
437 3533 592 3606 ἐφύλαττον
607 3536 648 3592 τὰ
670 3535 805 3609 cleperent
856 3545 913 3598 tine
930 3545 954 3611 l,
969 3551 1101 3614 lucrm
1115 3549 1228 3601 Prinntrr
1243 3553 1300 3604 rite
1317 3561 1420 3605 estere

242 3600 353 3670 μόρια,
369 3607 417 3658 nti
434 3607 564 3672 equidem
577 3608 728 3662 metuerim
744 3611 804 3680 legi
855 3614 1420 3689 eximentsmllisstsitenittesscerpne

243 3661 354 3735 eitpoper
369 3672 402 3751 ed
420 3670 514 3738 μόρια.
889 3683 916 3732 t.
951 3682 1141 3750 menesatem
1177 3684 1207 3736 lx.
1231 3685 1251 3738 Ι.
1279 3685 1353 3740 iden
1373 3695 1419 3740 eet

277 3740 304 3786 9.
337 3740 557 3818 νειηυιωιοτιω]
576 3741 620 3794 cl.
639 3760 664 3794 e.
681 3747 708 3809 t,
766 3749 804 3798 Ιθ,
855 3746 928 3816 qued
950 3753 1085 3815 lmen.
1157 3750 1195 3804 id.
1223 3753 1356 3822 prolege.
1387 3771 1417 3822 p.

241 3799 489 3856 Anaximenen
512 3823 569 3859 των
586 3825 702 3876 asperso
756 3829 805 3865 eas.
854 3831 925 3868 xxxx.
943 3816 1016 3870 med.

278 3865 346 3948 llll,
367 3872 388 3919 Ι.
422 3870 459 3921 nd
476 3872 677 3930 similitudieem
698 3882 803 3932 mut-
887 3885 915 3934 t.
950 3883 983 3935 ld
992 3882 1060 3950 fieri
1076 3883 1119 3934 rel
1134 3883 1266 3952 praenes]
1284 3884 1327 3938 Gi.
1346 3901 1370 3938 e.
1389 3891 1418 3948 ἱ,

241 3933 363 4002 utrm]
389 3934 431 4015 ili.
454 3939 513 4000 §2
540 3941 578 3990 ed
601 3943 804 3999 diuturnitatem
853 3949 908 4014 58.
924 3958 954 4003 st
972 3948 1165 4017 ..prodiisset
1182 3951 1248 4006 iile
1265 3956 1416 4008 serrari.

240 4018 314 4066 uus,
329 4010 358 4055 et
375 4003 431 4082 ved.
450 4004 578 4084 prelegp.
596 4023 622 4071 p.
640 4024 699 4062 xxrr
718 4027 759 4076 sq.
887 4016 1000 4082 dipterri]
1020 4017 1094 4068 idem
1114 4018 1240 4071 valetne
1259 4021 1396 4087 desim

241 4071 505 4189 terzendqie‘i'iiiregd.
520 4073 639 4191 germ]
653 4074 802 4206 ἰιιιιοιόζ
851 4081 1050 4200 “indigentem
1067 4083 1178 4152 uemlt
1194 4101 1219 4138 s.
1237 4087 1300 4140 sele
1316 4102 1415 4140 uren-

273 4205 321 4269 pei
337 4206 487 4272 corporibus
505 4205 591 4273 curet]
607 4158 659 4259 (iil.¹
669 4142 800 4280 pieifggi
881 4164 999 4282 :nisam
1012 4217 1228 4335 preponderat]
1254 4217 1274 4270 i.
1296 4236 1322 4270 e.
1344 4235 1414 4287 gn·

239 4283 267 4332 p.
285 4286 378 4322 xxxxx.
396 4272 470 4324 med.
847 4279 964 4334 vinrexn.
989 4279 1032 4333 e.
1084 4299 1109 4336 e.
1128 4283 1245 4338 Tenent.
1262 4284 1292 4349 V,
1310 4291 1351 4354 tt,
1368 4291 1412 4340 dt).

272 4337 299 4386 ³.
334 4339 437 4406 delinit]
464 4338 513 4393 Sic
531 4338 638 4407 legitur
659 4338 689 4394 in
707 4343 799 4396 emei-
845 4349 1049 4417 propendere
1070 4351 1272 4407 illu-luera.
