3042 4900
245 44 309 112 252
728 40 939 109 Macuouu

246 213 339 278 ducto
372 209 477 275 habitu
514 207 599 293 Syri,
636 208 691 293 qui
719 210 802 275 velut
834 211 937 294 flagris
964 230 1070 276 caesus
1099 214 1356 303 praeripientique
1386 243 1421 287 se

246 297 350 362 similis
372 293 574 359 exclamabat:

372 381 470 444 Porro
492 377 646 455 055ιῖ51
671 378 831 445 libertatem
849 379 1014 468 perdimus,

246 474 277 531 et
295 465 387 551 paulo
408 471 479 548 post
498 462 626 527 adiecit:

372 550 493 616 Necesse
514 561 554 613 est
574 550 680 613 multos
698 549 798 613 emeat
922 551 1010 614 multi
1028 552 1136 615 ts'saeut

216 636 319 714 bQuo
346 634 429 699 dioto
456 633 636 697 universitas
662 632 768 717 populi
796 653 814 697 a
859 634 957 698 solum
985 634 1145 699 Caesarem
1174 637 1282 702 oculos
1307 647 1340 705 et
1362 663 1417 707 ora

246 719 404 795 convertit,
424 726 565 783 notantes
584 716 783 801 inpotentiam
804 717 870 781 eius
892 717 949 782 hae
966 718 1125 783 dicacitate
1148 719 1319 805 lapidatam.
1365 727 1417 792 Ob

216 802 319 869 bbaec
339 804 370 868 in
390 803 534 867 Publium
557 802 646 868 vertit
668 801 811 865 levorem.
859 803 890 865 ls
907 803 1052 882 Publius,
1072 805 1195 869 natione
1211 808 1320 891 Syrus,
1344 831 1416 876 cum

247 909 324 975 puer
352 888 389 952 ad
417 896 579 973 patronum
602 886 718 951 domini
749 894 830 950 esset
850 887 1018 964 adductus,
1051 890 1219 973 promeruit
1249 912 1320 961 eum
1352 916 1416 959 non

245 974 346 1038 minus
370 973 483 1037 salibus
507 981 538 1036 et
565 970 686 1055 iugenio
715 990 806 1054 quam
830 970 937 1037 iorma.
980 974 1056 1038 Nam
1080 974 1158 1038 sorte
1180 996 1250 1039 cum
1277 976 1326 1041 ille
1351 1000 1414 1043 ser-

244 1079 315 1125 rum
343 1078 431 1121 suum
453 1056 652 1141 hydropicum
675 1055 824 1119 iacentem
850 1055 882 1119 in
904 1076 974 1120 area
995 1057 1119 1123 vidisset
1142 1058 1414 1147 increpuissetque,

244 1144 318 1230 quid
339 1146 373 1207 ise
391 1143 451 1207 sole
467 1145 593 1227 fuceret,
619 1140 792 1224 respondit:
824 1143 942 1228 Aqssam
973 1144 1112 1226 calefacit.
1154 1146 1284 1209 loeulari
1303 1147 1414 1213 deinde

244 1247 336 1311 super
366 1246 460 1290 coena
494 1234 597 1289 exorta
629 1225 824 1310 quaestione,
856 1228 1007 1313 quoduam
1035 1240 1105 1292 esset
1131 1232 1283 1295 molestum
1309 1235 1413 1310 etrum,

214 1311 324 1377 ”iuliud
346 1310 406 1376 ulio
428 1310 572 1396 opinante
590 1310 651 1373 ille:
681 1310 846 1395 Podoqrr'cs'
865 1312 970 1397 pedes,
990 1312 1074 1376 dixit
1117 1314 1167 1378 Ob
1196 1316 1271 1379 haec
1299 1324 1330 1379 et
1352 1318 1413 1381 alia

242 1396 464 1462 manumissus
486 1403 516 1459 ct
537 1395 652 1459 maiore
676 1414 749 1458 cura
770 1394 917 1473 eruditus,
937 1417 1007 1462 cum
1029 1398 1139 1462 mimos
1160 1409 1347 1484 conponeret
1365 1402 1412 1465 in-

241 1482 386 1566 gentique
407 1481 537 1544 adsensu
556 1480 588 1544 in
606 1478 711 1543 ltaliae
731 1479 851 1565 oppidis
868 1501 958 1566 agere
976 1482 1143 1578 coepisset,
1163 1484 1330 1568 productus
1348 1486 1412 1551 Ro-

241 1587 309 1631 mae
330 1587 385 1650 per
402 1564 539 1631 Caesaris
558 1564 662 1641 ludos,
687 1585 795 1628 omnes
813 1565 867 1648 qui
885 1573 959 1629 tunc
981 1575 1093 1651 scripta
1110 1576 1141 1631 et
1159 1588 1267 1653 operas
1290 1590 1361 1633 suas
1379 1572 1412 1635 in

241 1672 362 1716 scenam
388 1650 560 1717 locaverant
592 1649 782 1734 provocavit,
816 1656 852 1712 ut
882 1650 992 1734 singuli
1018 1672 1122 1715 secum
1150 1653 1250 1736 posita
1282 1654 1411 1720 invicem

241 1736 367 1799 materia
390 1754 445 1819 pro
472 1742 611 1820 tempore
634 1734 862 1800 contenderent
901 1735 966 1801 Neo
989 1735 1052 1799 ullo
1076 1747 1237 1801 recusante
1257 1739 1412 1822 superavit

212 1821 364 1897 Somnos,
397 1819 518 1905 inquis
547 1827 577 1885 et
600 1818 774 1885 Laberium.
828 1818 917 1884 Unde
936 1820 1049 1886 Caesar
1068 1820 1210 1886 adridens
1236 1821 1293 1888 hoo
1315 1823 1410 1888 modo

240 1904 460 1990 pronuntiavit:

308 2076 387 2145 [llius.
409 2073 559 2127 aborsu.

240 2186 272 2199 -
293 2160 472 2227 perdidimus
489 2174 551 2226 v-g.
572 2185 598 2196 -
625 2158 787 2211 Necesse...
804 2158 908 2226 timeat]
925 2158 968 2209 (ll.
986 2158 1026 2209 lo.
1043 2156 1156 2211 Saresb.
1171 2157 1244 2224 vrri,
1264 2162 1305 2209 re.

238 2232 263 2278 5.
291 2229 347 2278 eius
366 2227 546 2293 impotentiam
565 2241 619 2293 mg
635 2226 708 2293 (alig
723 2226 752 2277 ia
767 2242 823 2295 mg.
844 2227 905 2290 „dl
915 2228 1087 2292 potentiam).
1104 2253 1137 2263 -
1155 2226 1185 2278 all
1202 2226 1267 2277 baec
1281 2229 1358 2292 (sup.
1376 2233 1409 2287 a)

238 2294 268 2345 S.
288 2320 319 2331 -·
339 2294 498 2345 Publilium
517 2293 569 2345 Pv.
674 2298 699 2343 a.
729 2293 875 2345 Publilius
890 2293 944 2345 Pl'.
960 2321 991 2332 -
1011 2295 1127 2345 domum
1142 2293 1195 2359 i·g.
1212 2320 1244 2331 —
1262 2294 1408 2361 quaesis-

238 2362 629 2428 setqusiacrepuiseetquer.
668 2362 898 2427 quaesissetque
915 2361 988 2423 „B‘⁸.
1021 2388 1047 2397 -
1074 2376 1152 2427 super
1170 2376 1281 2412 somam
1300 2360 1407 2428 dSr·g.

239 2455 270 2468 -
288 2429 442 2481 modestum
459 2428 498 2480 Μ.
579 2432 604 2479 i.
634 2429 736 2480 maiori
754 2446 818 2481 cusa
836 2427 891 2480 GS.
925 2430 1011 2480 maier
1022 2434 1098 2494 (sup.
1119 2428 1306 2488 addicere)
1321 2428 1406 2479 B.-

236 2497 392 2565 pesduetus
410 2495 439 2546 V.
468 2525 500 2536 -
530 2497 670 2547 locaverat
686 2498 728 2549 vd.
761 2505 926 2548 necaverant
941 2498 1017 2562 (sup.
1038 2496 1101 2561 loe.)
1119 2496 1153 2547 G.
1175 2522 1207 2533 -
1236 2497 1265 2546 irs
1282 2498 1341 2563 quis
1358 2496 1404 2554 (in
1504 2504 1505 2513 ¹

239 2579 295 2632 mg.
314 2564 436 2646 quibus)
455 2563 488 2614 B.
527 2563 618 2630 iuquit
636 2563 669 2615 G.
771 2569 797 2616 8.
826 2571 856 2616 et
874 2565 1005 2615 arrideas
1022 2563 1053 2615 ll.
1084 2589 1113 2600 -
1144 2563 1192 2614 lies
1209 2564 1285 2614 mede
1302 2578 1357 2614 sm.
1371 2562 1404 2614 P.

238 2731 316 2783 saepe
341 2714 370 2766 ia
395 2715 506 2768 tumulis
532 2714 589 2764 siae
613 2729 719 2780 corpore
743 2731 798 2765 sio-
880 2713 1023 2780 promeruit
1041 2713 1112 2779 eum]
1128 2713 1147 2764 i.
1162 2728 1186 2764 e.
1206 2712 1266 2764 eins
1282 2711 1404 2782 gratiam

237 2785 325 2834 missa
362 2783 433 2850 legi,
474 2786 501 2833 et
535 2779 609 2846 apud
644 2780 796 2831 Ausonium
847 2779 902 2830 sibi
926 2779 1096 2831 conciliavit.
1132 2779 1176 2831 Ci-
1201 2781 1276 2833 Plin.
1298 2781 1404 2848 Paneg.

239 2849 342 2917 [epigr.
357 2853 406 2913 ³5,
426 2849 495 2914 to.]=
526 2848 599 2899 Mors
621 2849 701 2898 etium
724 2850 798 2900 saxis
846 2850 889 2908 62,
907 2848 942 2909 §S
959 2851 976 2897 4
992 2853 1020 2897 et
1036 2853 1060 2897 i.
1082 2848 1160 2898 Nune
1176 2849 1244 2899 inter
1260 2849 1405 2916 principem

237 2917 481 2983 nominibusque
496 2916 596 2967 oeail.“
615 2915 701 2967 Peren.
845 2922 1017 2981 senatumque
1038 2914 1190 2984 dignissimi
1211 2917 1336 2982 cuiusque
1358 2933 1405 2965 ca-

272 2987 296 3032 4.
339 2984 410 3034 uelut
433 2986 476 3049 fla
500 2984 536 3033 ris
569 2999 661 3034 caesus
689 2981 797 3050 praeri-
845 2980 927 3032 ritate
945 2989 1067 3033 certatur.
1087 3015 1113 3032 ..
1133 2983 1258 3049 Quisquis
1279 2983 1404 3049 probatos

235 3049 370 3116 pientique
387 3049 530 3116 sesimslis]
550 3047 795 3130 culitptamntg.
846 3047 953 3128 senalus:
976 3051 1046 3100 eires
1070 3051 1194 3116 suspicit,
1220 3051 1262 3100 irie
1289 3051 1405 3101 maxime

237 3115 796 3252 lli‘.¹.’..¹⁷rl,·.ll⁰.i:¹i?illidii:
843 3117 1403 3251 distitisse.timiditati:

235 3252 336 3302 missum
359 3254 580 3305 animaduerteret
601 3251 749 3302 umbaldus
768 3267 795 3301 ss
844 3251 963 3300 mereri
979 3250 1046 3301 uelle
1058 3267 1106 3318 per
1123 3250 1224 3303 bestias
1240 3251 1317 3302 deos
1334 3253 1402 3302 lae-

234 3318 348 3385 adfieere
374 3320 455 3384 velle,
485 3318 729 3387 praeripuisset
760 3334 794 3369 se
842 3333 908 3367 uos.

234 3388 271 3439 arl
301 3387 415 3439 amicum
448 3404 524 3455 quem
561 3387 597 3437 ad
629 3387 793 3454 precandum
877 3385 906 3434 irs
922 3381 986 3449 sole]
1002 3382 1044 3433 Gi.
1062 3401 1085 3434 c.
1100 3387 1125 3434 o.
1142 3385 1197 3446 84.

230 3455 393 3524 perduceret.
876 3455 903 3500 ’1.
938 3452 984 3517 qui
998 3459 1060 3502 tuac
1073 3453 1172 3516 scripte
1187 3456 1213 3500 et
1229 3465 1323 3516 operas
1337 3465 1403 3504 suas

269 3523 351 3574 Perre
383 3520 524 3587 Quiritem]
552 3518 706 3585 „Forrrmls
731 3525 794 3572 erat
842 3516 871 3566 ia
893 3534 997 3568 saeuam
1021 3517 1182 3582 locaverunt]
1210 3515 1274 3568 b'oli
1300 3523 1402 3583 putare

232 3588 357 3652 antiqua,
377 3606 431 3654 qua
444 3589 478 3640 ad
491 3588 627 3640 auxilium
645 3588 791 3639 lesendam
842 3582 897 3635 bec
913 3599 977 3636 ease
993 3586 1143 3636 soloccum.
1167 3583 1209 3636 Gi.
1227 3585 1318 3636 Plsut.
1332 3584 1402 3637 Tsi-

232 3653 349 3704 excitari
372 3655 502 3708 solebant
523 3655 672 3708 Romani.“
699 3653 791 3706 Haan.
841 3667 917 3702 uum.
930 3652 1012 3713 lue,
1026 3657 1037 3702 l
1053 3669 1093 3719 sq.
1115 3653 1184 3704 Nam
1203 3670 1253 3721 ego
1270 3670 1400 3720 operam

233 3716 416 3782 Tursell.lV,
434 3739 460 3788 p.
477 3725 537 3773 48³.
841 3735 940 3770 meam
963 3719 1055 3771 Tribus
1077 3723 1164 3772 aurcis
1191 3720 1268 3772 bodie
1292 3722 1401 3772 locavi

265 3784 411 3835 libertatern
432 3788 577 3853 perdimus]
609 3787 791 3840 Perdidimus
841 3787 1398 3854 adortosnugatoriametilriddll,

232 3848 257 3902 si
287 3850 432 3914 scribitur,
469 3855 568 3904 ultirno
593 3854 656 3904 loco
684 3851 790 3905 senarii
840 3855 871 3917 ³,
890 3857 932 3904 52.
967 3853 1017 3903 Ubi
1046 3855 1096 3904 erit
1122 3855 1234 3907 locata
1260 3857 1340 3926 virgo
1365 3857 1399 3908 ia

231 3922 276 3969 est
286 3925 456 3983 anapaestus
469 3919 517 3984 qui
530 3919 599 3970 terri
615 3936 669 3970 non
687 3925 789 3986 potest,
839 3920 1090 3972 matrimonium.

231 3999 396 4052 quamquam
421 3986 475 4037 boc
499 3985 589 4052 ipsum
613 3985 674 4036 eius
695 4003 790 4038 caesn-
871 4003 921 4054 pro
938 3986 1061 4054 tempore]
1078 3987 1241 4053 Quaeritur,
1255 4006 1310 4056 quo
1326 3990 1399 4041 baec

229 4052 308 4121 plum
337 4053 434 4106 attulit
458 4052 585 4105 Orellius
607 4053 642 4105 ud
670 4053 788 4122 Eclogg.
838 4055 924 4105 verba
941 4052 997 4104 sint
1017 4055 1188 4106 referenda?
1211 4056 1242 4105 ln
1263 4057 1330 4106 edit.
1347 4057 1399 4106 Bi-

230 4127 316 4188 poelt.
333 4122 393 4174 latt.
408 4139 433 4188 p.
453 4125 511 4172 182.
837 4127 913 4186 pont.
931 4120 1031 4172 verbus
1051 4123 1140 4188 posita
1158 4123 1268 4172 inuicem
1283 4123 1399 4176 materia

264 4193 289 4240 5.
324 4191 485 4242 universitas
505 4187 609 4257 populi]
636 4187 697 4240 l'id.
721 4205 788 4256 pro·
838 4188 985 4240 commatis
1016 4195 1082 4241 aaut
1109 4188 1235 4249 inclusa,
1270 4192 1301 4237 ut
1334 4186 1398 4240 iun-

230 4254 310 4323 legg.
329 4275 355 4324 p.
375 4274 446 4310 xnu-
837 4256 929 4323 gendo
962 4273 1025 4308 esse
1055 4255 1203 4306 videantur
1233 4255 1332 4305 verbus
1366 4267 1397 4310 ut

261 4327 287 4372 6.
323 4327 361 4378 ad
375 4333 517 4393 patronum
534 4321 643 4390 demissi]
664 4321 684 4376 i·
703 4338 727 4376 e.
750 4322 786 4376 sd
836 4323 940 4392 singuli
957 4339 1043 4376 seeum
1058 4339 1108 4390 pro
1124 4328 1239 4388 tempere
1256 4325 1397 4377 contende·

229 4383 386 4446 Caesarem.
836 4399 902 4445 reat.
937 4389 986 4444 Sic
1004 4407 1054 4460 pro
1071 4397 1187 4457 tempere
1205 4387 1282 4443 idem
1300 4395 1344 4444 est
1361 4406 1395 4445 sc
