3042 4900
227 12 291 77 otu
710 8 920 75 Mtcuouu

225 183 330 249 ludum
351 180 535 246 saltatorium
557 180 635 243 enter
655 178 795 241 cinaedos
814 180 946 263 os'rps'rtee
964 181 1114 265 pnmsqise
1136 182 1270 266 inpenui.
1316 183 1402 251 uase

224 292 293 335 enin
316 267 395 331 milri
419 265 576 351 quisquam
600 263 760 339 narrabat,
791 283 854 327 non
875 275 1013 347 poteram
1039 267 1174 330 antinum
1202 266 1347 332 inducere
1364 293 1403 334 ea

225 354 333 418 liberos
352 373 422 415 suos
443 350 575 413 domines
592 349 703 414 nobiles
723 350 846 413 dacae:
875 350 928 412 sed
946 371 1013 412 enen
1033 349 1139 414 duetus
1157 374 1224 416 susa
1244 353 1278 416 in
1295 354 1402 419 ludum

225 438 421 510 saltatorium,
436 436 508 520 plns
528 434 749 519 mediusfidius
770 436 803 497 in
822 456 855 497 eo
875 433 945 497 ludo
967 434 1153 581 oidipneris
1174 438 1402 525 oirpt'nibusqne

176 524 478 611 [saspninqnapintm
513 522 546 583 in
569 520 621 583 tes
639 542 733 583 unum
752 518 848 604 (qnod
865 540 911 583 me
932 520 1039 604 respub
1050 522 1114 584 icae
1134 523 1265 588 manime
1283 526 1401 590 nn'seri-

226 622 287 673 tum
308 610 362 689 est)
385 627 515 690 puerum
534 606 684 679 bullatum,
697 606 832 690 petitoris
846 604 944 688 filium
965 626 1028 669 non
1047 607 1194 670 minorem
1214 610 1304 672 annes
1323 610 1399 673 dno-

227 696 332 767 decim,
370 713 437 755 ennt
461 691 579 755 crotalis
606 690 715 755 saltare
742 709 832 786 qnam
859 689 1044 753 saltationem
1071 692 1235 779 inpudicus
1264 694 1400 758 sanutus

198 775 343 847 Sitoneste
360 776 468 842 satore
489 798 551 840 non
566 786 672 861 posset
717 774 811 839 Vides
832 773 1090 857 quemadmodum
1115 776 1297 861 ingemuerit
1316 776 1400 844 ttri-

228 886 332 941 eanus‚
351 861 435 947 quod
458 860 581 926 vidisset
600 882 670 925 eum
692 859 814 924 crotalis
833 858 992 923 saltuntem
1012 860 1108 925 lilium
1134 862 1281 959 petitoris,
1302 864 1332 928 id
1353 872 1402 929 ast

228 948 395 1026 candidati,
430 967 520 1031 quem
552 966 590 1009 ne
613 953 679 1011 tum
703 944 826 1031 quidem
852 966 921 1029 spes
942 952 975 1009 et
995 946 1073 1010 ratio
1095 947 1282 1033 adipiscendi
1305 948 1399 1033 magi-

228 1044 356 1110 stratus,
390 1052 452 1118 quo
478 1040 616 1117 tempora
641 1052 674 1096 sa
700 1049 835 1114 suosque
859 1030 898 1094 ab
924 1030 1008 1095 omui
1035 1032 1149 1116 probro
1175 1033 1281 1098 debuit
1301 1033 1398 1098 vindi-

228 1142 306 1197 care,
326 1118 460 1205 potuerit
477 1137 626 1193 coercere,
650 1136 711 1202 quo
737 1115 837 1179 minus
856 1113 967 1179 laceret
988 1116 1072 1201 quod
1093 1118 1209 1183 scilieet
1225 1126 1316 1203 turpe
1336 1139 1400 1181 non

228 1206 405 1270 habebatur.
444 1202 586 1268 Ceterum
611 1200 752 1287 superius
778 1201 955 1298 pleramque
980 1202 1168 1267 nobilitatem
1190 1203 1266 1269 haee
1285 1223 1398 1289 propu-

198 1291 277 1357 odia
303 1289 456 1355 celebrare
486 1294 673 1373 conquestus
696 1295 750 1353 est
811 1285 861 1352 Sic
885 1286 1027 1352 nimirum
1059 1288 1101 1353 M.
1125 1289 1203 1355 Cato
1229 1297 1398 1355 senatorem

295 1480 376 1547 [bles.
396 1477 523 1530 ABGPS.

225 1561 311 1634 praba
329 1564 388 1615 BG.
410 1591 441 1600 -
467 1562 682 1630 quisque(sup.
703 1561 810 1625 (1111111.
845 1561 989 1629 quispiam
1012 1564 1154 1615 desiderat
1172 1564 1311 1632 bleyerns.
1338 1563 1398 1616 b'id.

228 1642 284 1685 not.
310 1661 339 1669 -
361 1632 489 1683 reserabit
509 1635 582 1694 (stip
602 1636 632 1689 a)
652 1631 682 1680 t.
709 1656 742 1666 -
766 1628 866 1680 nabiles
882 1630 999 1682 bomines
1018 1647 1079 1699 r-g.
1102 1660 1136 1671 -
1165 1634 1313 1702 uirginibus
1330 1640 1400 1693 (aas.

247 1700 293 1763 ne)
318 1700 372 1749 Μ’·ὶ.
397 1727 430 1737 -
458 1700 655 1766 quinquaginta
679 1696 761 1747 Gne.
801 1698 964 1765 quingenta
990 1698 1159 1749 turult-stt.
1194 1702 1355 1769 quingentis
1377 1700 1398 1751 S

228 1720 296 1818 ljdd.
311 1767 342 1816 Ρ.
369 1767 499 1831 troyes-ue
525 1766 543 1815 Ι.
569 1784 590 1813 a.
625 1763 862 1829 „Sulisberiensis
895 1766 944 1816 iils.
974 1766 1045 1818 t'ttt.
1079 1784 1138 1833 esp.
1171 1772 1210 1818 tn
1243 1770 1397 1820 ducentis.“

229 1836 334 1885 Manes.
351 1862 382 1873 -
398 1851 454 1902 qno
473 1851 512 1883 me
526 1851 583 1895 s-g.
603 1833 757 1896 ,‚blelius.“
775 1832 879 1883 Meurs.
897 1860 929 1871 -
943 1836 1057 1885 maxime
1075 1852 1129 1886 otss.
1145 1835 1192 1886 Sr.
1207 1864 1239 1874 -
1254 1838 1399 1888 miseritum

229 1902 341 1954 sustu.
376 1904 513 1953 miratam
533 1899 710 1951 EddGPSV.
814 1905 839 1951 11.
871 1901 1012 1969 ingemuit
1032 1918 1057 1954 v.
1085 1930 1117 1940 —
1146 1904 1312 1971 adipiscendi
1328 1905 1399 1958 ratio

226 1972 341 2039 potuerit
361 1974 409 2034 (13
425 1976 570 2037 patuerat)
591 1985 704 2019 soeroare
722 1969 899 2036 magistratus
918 1986 969 2036 qua
988 2008 1012 2022 ..
1031 1971 1118 2021 debuit
1136 1973 1287 2022 uindicare.-
1304 1990 1356 2038 quo
1373 1989 1399 2025 r.

228 2068 261 2077 -
278 2038 363 2105 probe
379 2039 408 2089 Α.
433 2064 458 2075 -
477 2038 572 2102 potuit
591 2035 644 2103 t-g.
671 2064 696 2072 -
719 2042 860 2102 tempere
877 2054 929 2086 non
945 2036 1090 2089 tetstatur
1106 2042 1148 2088 rl.
1165 2067 1194 2075 —
1217 2042 1344 2089 Ceteram
1362 2041 1398 2090 G.

228 2134 259 2144 -
287 2106 386 2173 ples-nm
409 2122 439 2155 ne
461 2104 727 2170 blth'itaplaer.)
747 2103 856 2154 tstttta.
894 2106 1050 2173 plerunque
1070 2105 1136 2171 Sag.
1173 2106 1342 2171 plerumque
1365 2112 1397 2165 [r

226 2173 325 2240 pluer.)
340 2123 419 2225 s-lsl.
439 2200 467 2209 -
489 2172 553 2222 baec
567 2189 615 2238 pra
631 2173 793 2239 pudicitia
811 2170 837 2222 S.
925 2175 951 2219 a.
969 2177 993 2222 11.
1020 2180 1172 2239 conquestus
1187 2181 1224 2222 est
1246 2174 1320 2224 Cato.
1350 2174 1396 2224 ste

227 2242 350 2291 nimirum
370 2240 397 2291 tt
423 2243 613 2291 sanatoremvl
632 2240 774 2304 (obinde
791 2245 950 2300 senatorem)
979 2268 1004 2277 -
1036 2240 1071 2289 nt.
1089 2248 1232 2290 senatorem
1251 2242 1319 2303 (aas.
1341 2241 1396 2291 Cu-

228 2314 268 2368 te)
288 2307 407 2359 uut'tte
426 2308 452 2358 in
470 2324 524 2373 stig.
543 2323 631 2357 arec.
651 2324 685 2357 su.
702 2308 872 2370 1111101110).
901 2324 978 2358 men.
996 2314 1139 2358 senatorem
1159 2307 1201 2357 tut
1223 2322 1280 2374 ap.
1300 2324 1336 2358 m.
1370 2308 1399 2359 in

227 2385 373 2428 senatorem
392 2375 504 2434 statutt
528 2390 616 2425 neec.
633 2379 694 2434 m·).
731 2377 792 2439 ,,Μ.
814 2374 945 2425 Caelium
965 2375 1029 2441 lego
1049 2390 1081 2425 ox
1101 2374 1213 2443 Apellis
1232 2375 1280 2425 lib.
1296 2376 1318 2425 Ι.
1336 2390 1397 2442 cap.

230 2451 270 2497 15.
293 2452 321 2497 et
336 2443 420 2495 Festo
445 2442 470 2495 in
493 2444 671 2510 Spatiaterem
693 2451 721 2496 et
740 2442 859 2494 Asconio
879 2440 913 2494 ad
934 2441 1125 2494 blilenisaum.
1161 2443 1239 2510 Apud
1264 2443 1396 2496 losnaeur

228 2622 307 2673 Haeo
331 2626 460 2686 poterant
483 2620 583 2672 haberi
602 2637 652 2686 pru
678 2619 789 2672 obiecto
839 2624 896 2672 tuus
915 2635 960 2671 res
979 2620 1041 2686 ipss
1058 2621 1234 2673 canssueudut
1252 2639 1334 2690 quam
1350 2637 1397 2672 eo-

228 2691 418 2743 nntaeedontis
437 2689 513 2740 serbi
533 2697 655 2740 eantare:
681 2689 730 2740 sed
752 2690 786 2741 ud
839 2689 932 2740 dictim
954 2687 1120 2755 scripturus.

227 2758 350 2809 Cisrnolii
382 2756 497 2824 Nepotis
527 2755 728 2824 praefationem
762 2757 788 2810 si
871 2772 984 2822 puerum
1002 2756 1142 2824 bullatum]
1161 2756 1204 2808 ct.
1223 2758 1245 2818 1,
1263 2761 1290 2820 6,
1309 2761 1350 2808 to.

228 2825 789 2893 spectamus,pranppasitianehabenda
872 2841 951 2890 quant
973 2825 1142 2877 saltationem
1166 2861 1191 2876 ..
1215 2826 1320 2876 noneste
1341 2825 1398 2876 sal-

228 2902 300 2958 sont,
322 2903 352 2944 ut
370 2909 491 2959 eaquae
511 2893 677 2945 antecedunt
696 2894 789 2944 omniu
838 2895 896 2941 lare
916 2909 968 2942 non
985 2891 1082 2960 parsit]
1101 2893 1205 2943 Eadem
1224 2908 1295 2958 quse
1331 2893 1398 2944 aulo

227 2961 416 3013 nmaiosibns
435 2962 536 3026 probeo
558 2963 640 3012 dueta
663 2977 725 3012 esse
746 2960 786 3013 ri·
838 2973 922 3023 supra
940 2959 988 3011 trie
1006 2959 1096 3010 oritur
1112 2961 1253 3025 qaeestio,
1273 2911 1329 3011 sei
1340 2960 1399 3012 slis

228 3031 355 3081 donatur.
839 3026 955 3093 tutione,
968 3026 1077 3093 opiner,
1089 3028 1233 3080 solvendu-
1256 3028 1325 3078 Nasu
1338 3046 1398 3080 suas

263 3095 413 3163 quisquam]
438 3095 568 3161 meyerus
591 3095 610 3146 Ι.
629 3113 651 3146 e.
671 3097 786 3147 adnata·
836 3097 946 3146 crotalis
962 3095 1063 3147 saltare
1080 3112 1134 3146 nna
1152 3095 1265 3147 omnino
1282 3097 1399 3148 dedecet

228 3165 282 3214 sit:
315 3163 395 3227 „tim
425 3162 596 3228 pranmninis
624 3180 675 3214 non
704 3163 788 3214 intel·
837 3159 999 3227 inpudicum
1013 3165 1193 3226 serenas‚sed
1207 3163 1397 3216 tantummodo

230 3233 302 3298 ligo:
334 3228 463 3280 slesidero
490 3230 618 3295 equidem
645 3233 786 3298 quispiam.
837 3232 943 3282 sultare
966 3230 1145 3284 stitutionem
1165 3233 1349 3297 obseaenum,
1367 3238 1399 3282 ut

229 3299 370 3351 Manutius
387 3299 500 3348 ternod
520 3297 578 3348 cte.
598 3298 646 3364 Ep.
667 3300 700 3350 ud
720 3300 787 3350 tarn.
837 3316 915 3363 quarn
937 3300 1104 3350 saltationem
1132 3299 1237 3350 dietam
1265 3316 1327 3351 esse
1354 3299 1396 3350 ri·

228 3367 338 3432 tuno.
359 3367 786 3419 11111.0111111111111111ιί111111111
838 3366 938 3416 deutur
960 3383 1011 3432 pro
1037 3384 1094 3419 eam
1117 3368 1286 3418 saltationem
1307 3383 1394 3432 quun.

227 3435 400 3503 pronominis
424 3451 502 3487 nasim
521 3453 554 3485 eo
574 3450 708 3486 excusare
728 3440 787 3485 stis·
838 3432 881 3483 Gi.
898 3432 956 3484 Cia.
975 3434 1053 3485 Brut.
1071 3438 1114 3485 62
1134 3435 1224 3500 9225.
1241 3435 1395 3487 1111111111-

227 3509 287 3570 det,
318 3504 389 3571 qnod
414 3514 522 3554 veteres
545 3504 585 3554 ita
612 3503 696 3552 locuti
721 3503 787 3553 sint.
837 3502 883 3554 tio
906 3502 1036 3568 quaedam
1055 3512 1222 3567 nasceretur,
1249 3503 1301 3553 eui
1326 3502 1398 3552 sul·

227 3574 412 3626 uio.ntcns
441 3590 473 3622 111
508 3573 541 3620 do
562 3569 652 3621 uuna.
673 3587 698 3636 p.
719 3572 786 3619 tet.“
838 3568 1398 3622 tatianiTitiusnemersesset.Neema

225 3669 260 3681 -
295 3642 371 3690 llaec
403 3639 565 3705 pronomina
602 3654 669 3690 sana
702 3653 787 3703 saepe
838 3645 930 3687 moret
953 3637 1025 3702 qued
1047 3638 1122 3690 inira
1141 3637 1269 3702 sequitur
1288 3643 1395 3688 tants·

227 3707 440 3757 assnlundnntnr.
465 3708 512 3758 tta
543 3707 629 3756 linas·
651 3710 786 3756 11111360.
837 3705 907 3771 qaod
931 3707 1040 3756 vidisset
1065 3723 1132 3756 eum
1159 3705 1304 3756 erataiis
1331 3706 1395 3757 sal·

227 3773 643 3839 1111111113.111181111111111111.
668 3774 728 3840 Ego
743 3774 787 3824 iu·
838 3778 965 3824 tantem
975 3773 1066 3838 filium
1082 3774 1212 3837 petitoris.

227 3843 303 3892 ritus
329 3847 441 3890 secutus
467 3859 528 3892 sum
550 3842 674 3892 codicem
697 3840 786 3893 vesti·
870 3844 896 3891 8.
931 3857 983 3906 quo
1005 3847 1120 3908 tempore
1201 3840 1290 3890 debuit
1306 3838 1397 3890 uindi-

228 3909 284 3976 giu,
837 3907 909 3972 aare]
938 3907 980 3958 ct.
1010 3908 1068 3958 cte.
1095 3925 1122 3975 p.
1150 3907 1210 3958 Mil.
1240 3910 1280 3958 to.
1308 3909 1325 3968 5
1351 3909 1395 3956 42

260 3979 322 4044 plns
343 4013 366 4024 ..
390 3976 447 4025 eidi
471 3976 561 4040 pueris
587 3974 788 4042 virginibusque
842 3977 905 4026 Cum
923 3975 1031 4027 bonoria
1047 3976 1206 4043 amplissimi
1224 3975 1354 4026 eontentio
1372 3981 1397 4025 et

227 4043 435 4113 quinquaginta]
455 4043 544 4108 erens
567 4041 684 4093 ull'ondit
707 4045 785 4094 ablu·
837 4043 894 4092 dies
912 4045 1074 4095 semitioruns
1094 4044 1225 4105 subesset,
1253 4059 1315 4108 quo
1337 4042 1397 4107 qui-

227 4115 302 4164 tions
320 4127 436 4176 sequens
461 4111 652 4160 neesssatistnn
673 4110 786 4172 alsieeti,
836 4111 895 4160 dem
912 4119 1060 4175 ternpore
1078 4148 1102 4162 ..
1121 4111 1226 4171 amnia,
1250 4127 1303 4160 non
1319 4109 1397 4159 mede

225 4183 249 4234 is
269 4181 396 4232 conterat
414 4178 472 4228 cte.
492 4177 519 4228 in
539 4181 616 4229 Vesr.
640 4177 690 4238 ut,
710 4180 785 4241 48.§
836 4193 904 4243 quae
935 4180 1091 4244 reprebendi
1119 4178 1212 4244 palarn
1241 4178 1289 4228 sed
1316 4176 1397 4226 edam

228 4253 284 4301 111.
305 4250 336 4299 Si
353 4249 460 4300 ostendo
477 4249 583 4298 minus
601 4247 707 4298 tribus
725 4263 785 4296 me·
835 4261 903 4309 quae
919 4245 1026 4298 obscure
1042 4247 1159 4314 eogitari
1172 4251 1297 4311 possunt,
1320 4243 1398 4295 tine-

225 4318 343 4369 ds'mnis
357 4319 385 4368 in
402 4319 523 4386 iugerum
539 4317 666 4366 neminem
682 4315 785 4364 dedisse
835 4329 893 4363 usus
911 4318 964 4363 set.

226 4384 357 4436 decumae.
396 4383 548 4436 Numerum
577 4399 660 4449 quous
689 4379 784 4446 rucupi
865 4380 1020 4447 pierumque
1037 4379 1214 4445 nobilitatem]
1234 4378 1276 4430 Cl.
1290 4376 1397 4430 Salust.
