3042 4900
265 74 625 139 SATURNALIORUM
650 74 726 139 Llu.
758 77 810 141 lv.
838 80 929 143 CAP.
955 82 1012 145 111.
1043 83 1093 147 lv.
1205 87 1266 152 371
1359 138 1364 145 .

93 242 135 306 Et
154 240 273 317 Venus,
300 242 384 325 quud
401 248 522 307 Aeneas
544 243 573 307 in
598 244 674 307 mari
695 252 822 309 vexatur
841 246 884 309 ira
908 249 1050 326 lunonis,
1074 272 1167 336 quam
1190 254 1321 341 iuri-[441

94 327 181 391 diose
203 325 241 390 de
261 326 329 390 loun
349 327 490 413 queritur
511 329 671 413 Neptuno:
1239 336 1244 343 ’

221 410 260 475 Iu
276 414 377 497 repnr'a
398 414 454 479 irae
473 436 549 479 aura
565 415 649 479 tuis?

93 494 256 561 Fucitsibi
278 495 386 581 pathos
408 505 497 562 etex
520 506 669 584 tempore:
711 532 749 545 -
770 498 955 586 Priusquam
1282 509 1320 573 16

222 581 339 647 Pabula
358 593 522 681 perterreret
542 585 650 649 Troiae
669 582 881 671 Xanthumque
901 586 1048 651 bibissent.

93 666 135 731 Et
158 664 304 750 Orpheus
327 666 507 732 miserabilis
528 689 565 732 ex
590 667 680 753 longo
702 667 822 732 dolore:
1071 690 1078 701 ·

220 751 337 837 Septem
363 754 446 818 ritum
470 764 543 818 roua
561 755 719 852 perhibent
739 776 778 817 ea·
802 754 909 818 ordine
927 776 1047 832 mertare,

93 843 124 900 et
143 835 322 901 Palinurus:
347 873 390 885 -
416 838 472 903 Vim
492 839 606 904 lumine
630 851 736 927 quarto

220 922 373 1009 Prospeui
389 924 519 988 Italiam.

93 1014 126 1069 et
145 1005 384 1073 Achemenides:

226 1093 326 1158 Tertia
350 1094 412 1157 ium
433 1093 523 1156 turrae
544 1112 575 1155 ae
596 1110 711 1153 cornua
732 1090 844 1155 tumim
865 1092 1008 1176 conplent.

92 1176 147 1239 Et:
220 1177 351 1263 Septima
367 1188 436 1263 pust
460 1177 568 1240 Troiae
587 1176 736 1239 excidium
755 1177 818 1240 ium
838 1177 964 1239 uertitur
984 1187 1086 1240 aestua.

179 1261 232 1324 lv.
273 1262 431 1345 Frequens
448 1260 529 1346 apud
551 1258 635 1323 illum
658 1258 768 1345 pathos
789 1280 806 1323 a
829 1278 930 1323 causa.
967 1260 1083 1324 Revera
1105 1260 1185 1324 enim
1203 1262 1293 1347 pte-l

93 1362 225 1427 rumque
245 1342 338 1409 efficit
363 1366 455 1411 eausa
476 1353 510 1409 ut
531 1364 580 1408 res
599 1351 653 1408 aut
671 1352 758 1408 atrox
780 1352 835 1409 aut
854 1342 1034 1408 miserabilis
1055 1343 1205 1422 rideatur,
1232 1356 1267 1410 ut

93 1427 252 1493 Cicereia
272 1431 410 1508 Verrem,
436 1428 489 1516 qui
514 1429 554 1494 ub
572 1429 758 1513 sepulturam
780 1428 811 1493 in
833 1448 956 1493 carcere
978 1437 1156 1494 necatorum
1175 1452 1193 1494 a
1213 1451 1265 1516 pa-

93 1512 231 1579 rentibus
255 1516 427 1599 rogabatur.
467 1514 526 1580 Hie
548 1514 628 1578 enim
654 1534 716 1579 nou
736 1522 798 1579 tam
822 1514 921 1597 rugari
944 1522 998 1578 aut
1018 1514 1179 1599 pecuniam
1203 1517 1265 1579 exi-

92 1618 177 1679 gere,
205 1620 297 1684 quarn
320 1601 360 1666 ob
383 1600 461 1665 hane
482 1620 621 1675 eausam,
652 1600 808 1685 indignum
826 1607 910 1664 erat.
960 1598 1002 1662 Et
1031 1600 1295 1678 Demosthenem

94 1703 164 1747 cum
186 1685 326 1769 queritur
346 1684 498 1771 quendam
522 1683 650 1749 aMidiu
669 1684 924 1760 circumuentum,
941 1704 977 1747 ex
996 1703 1087 1749 eausa
1106 1693 1198 1769 auget
1219 1686 1264 1750 in-

93 1766 214 1833 vidiam.
257 1770 465 1847 (ireumveuit,
487 1768 606 1855 inquit,
624 1769 780 1847 arbitrum,
802 1772 857 1857 pai
875 1771 954 1834 iuter
971 1790 1017 1834 me
1035 1782 1122 1857 utque
1140 1793 1171 1836 re
1189 1773 1263 1837 inte-

92 1874 146 1937 pre
172 1855 364 1921 iudicaverat.
415 1854 498 1941 Ergo
518 1862 549 1921 et
571 1853 714 1939 Virgilius
738 1854 860 1940 egregie
879 1874 969 1940 saepe
986 1875 1023 1919 ex
1044 1853 1102 1921 hou
1118 1856 1188 1921 loun
1203 1858 1293 1923 tra-3

92 1936 138 2001 xit
155 1941 306 2005 affectum.
349 1942 518 2017 Occiditur,
540 1940 571 2003 in
594 1940 657 2017 uit,
681 1943 715 2006 iu
733 1944 798 2007 acie
816 1940 949 2005 (inlesus.
987 1939 1056 2003 Hor.
1077 1960 1131 2023 per
1150 1961 1182 2005 se
1203 1962 1265 2004 non

91 2032 138 2088 est
161 2024 286 2110 dignum
308 2025 513 2092 misericordia
537 1960 607 2090 hoii
628 2034 775 2112 tempure,
798 2024 851 2089 sed
873 2022 1009 2089 admouit
1026 2042 1165 2087 eausam:

891 2208 960 2260 Eud.
979 2208 1197 2276 vieahgspdzir]

90 2296 167 2362 t'irg.
272 2299 312 2345 15.
345 2296 463 2363 Excipit]
480 2292 612 2359 manlii,
628 2298 687 2347 332.
703 2324 734 2333 -
753 2300 910 2347 vexaretur
929 2308 988 2358 n-g.
1006 2318 1032 2329 -
1055 2292 1088 2341 de
1105 2292 1160 2343 teca
1176 2296 1265 2359 pareri-

91 2372 143 2414 tur.
173 2363 295 2431 Neptune
317 2362 408 2414 Asea.
456 2362 587 2427 loquitur
609 2372 725 2428 neptunu
748 2362 779 2411 P.
824 2361 944 2425 queritur
965 2360 999 2409 de
1019 2360 1076 2410 ineu
1097 2359 1219 2426 Neptuno
1239 2376 1264 2411 r.

90 2432 210 2499 queritur
233 2431 354 2498 Neptune
373 2431 406 2480 de
423 2430 479 2480 tuen
497 2428 550 2481 i-b.
570 2455 597 2466 -
622 2429 663 2495 in]
684 2430 750 2480 Aen.
769 2428 801 2491 V,
819 2430 880 2478 792
986 2429 1025 2476 tu.
1049 2426 1146 2494 patirur
1165 2445 1266 2497 saepe

90 2507 116 2551 et
129 2497 157 2548 S.
174 2525 207 2537 —
230 2497 398 2562 Priusquam]
419 2497 484 2546 Aen.
506 2497 527 2557 Ι,
545 2499 605 2546 422.
625 2525 653 2534 -
677 2497 792 2562 Septem]
808 2494 911 2558 Geurg.
928 2493 972 2555 Π,
987 2497 1049 2542 601.
1075 2520 1106 2530 -
1129 2496 1266 2562 perhibent

89 2572 158 2618 teter
177 2565 208 2614 P.
223 2591 257 2602 -
275 2564 335 2627 iia]
355 2563 421 2611 Aen.
440 2563 483 2622 tl,
504 2565 562 2612 356.
583 2589 617 2600 -
641 2561 858 2613 Achaemenides
876 2561 938 2612 tet».
974 2560 1166 2613 Achimenidea
1181 2563 1264 2631 using.

90 2659 125 2671 -
145 2631 246 2696 Tertia]
264 2630 330 2679 Aen.
345 2627 397 2691 ΙΙΙ,
414 2631 474 2678 ⁶4⁵.
492 2655 524 2665 —
542 2629 672 2697 Septima]
689 2630 754 2680 Aau.
775 2630 805 2692 t',
822 2631 881 2678 626.
900 2655 932 2665 -
950 2634 1035 2679 aetus
1050 2628 1094 2696 irg
1112 2635 1147 2696 (g
1163 2628 1192 2681 in
1209 2649 1265 2698 urg.
1359 2685 1363 2693 ,

91 2701 214 2754 austun).
1064 2702 1069 2710 '

161 2763 204 2813 Π.
245 2762 331 2827 Caput
352 2760 401 2810 W.
426 2759 523 2811 earum
540 2777 558 2810 u
573 2777 663 2824 curren,
681 2763 768 2825 merto,
786 2770 811 2814 et
829 2762 949 2813 materie.
966 2759 1045 2812 eir-b.
1145 2768 1169 2815 Ι.
1191 2767 1266 2832 opud

90 2832 166 2883 ittae
178 2830 214 2897 ΙΡ.
237 2855 262 2866 -
287 2829 442 2894 plerunque
464 2829 546 2894 efficit
565 2845 621 2880 um.
640 2833 713 2894 utu).
736 2857 770 2868 -
793 2831 875 2895 efficit
892 2828 1079 2896 Assa-gom
1094 2845 1109 2879 e
1127 2848 1160 2884 ex
1178 2834 1265 2894 eurr.)

91 2897 330 2960 uaua.‚ungr‚‘⁴.
366 2895 568 2962 offietrttwr.
604 2897 879 2965 conficite-thhg
898 2895 924 2946 iu
945 2903 1025 2963 supp).
1049 2921 1081 2934 ···
1104 2915 1162 2964 pue
1181 2899 1265 2966 Pnpd.

92 2991 125 3004 -
159 2965 210 3016 Hie
231 2961 366 3016 APSPGi·
411 2963 477 3015 Hae
500 2963 570 3014 Edd.
673 2969 697 3016 ἓ.
725 2966 844 3018 inuidia
867 2967 1070 3016 circumuentum
1094 2967 1217 3034 v·g(ir3
1236 2967 1264 3018 in

93 3048 184 3099 rapa
204 3031 316 3090 iiidie).
340 3056 371 3068 -
396 3031 466 3083 iuter
483 3040 665 3098 aretqueme
683 3031 712 3084 S.
815 3036 840 3083 3.
876 3033 949 3101 Ergo
966 3032 1045 3092 (add.
1063 3046 1080 3082 u
1097 3049 1151 3085 see.
1170 3051 1206 3086 nr.
1224 3041 1264 3095 et)

92 3102 122 3152 Α.
141 3115 204 3151 -e
241 3101 300 3166 agie
318 3106 348 3149 et
366 3098 506 3166 anepal’ti.
526 3125 557 3137 —
583 3099 694 3152 Guierur
713 3101 782 3152 Edi.
798 3109 826 3153 et
843 3100 910 3151 Mas.
939 3099 1037 3166 „Lego
1055 3097 1176 3155 Halesus.
1205 3101 1267 3154 ttr-

91 3166 183 3235 ptum
200 3116 314 3218 ignetur.
334 3165 366 3216 x.
387 3165 423 3233 [v.
440 3166 542 3232 362.].“
560 3167 664 3218 Maure.
702 3169 773 3230 „Eut
794 3169 867 3235 upud
886 3167 1035 3234 i'irgiiiuur
1055 3173 1082 3216 et
1101 3168 1217 3220 Halesus
1238 3181 1267 3222 et

95 3237 223 3296 (intuear,
243 3236 291 3288 ted
311 3249 392 3299 quent
412 3234 502 3286 pauidi
522 3234 564 3285 nit
581 3243 677 3302 purte,
696 3237 757 3288 dum
779 3238 842 3304 paci
859 3237 975 3287 medium
993 3252 1020 3287 re
1038 3233 1127 3300 effert,
1153 3239 1266 3290 Gru-m

92 3303 199 3356 dieitur
215 3303 265 3354 liu.
283 3301 342 3365 tu,
361 3317 387 3354 v·
407 3305 488 3355 5355*
504 3303 592 3354 Grun.
612 3331 644 3342 -
670 3306 823 3357 admonuit
842 3303 870 3354 ir.
887 3331 917 3342 -
941 3301 1021 3368 Dum]
1040 3305 1105 3354 ren.
1124 3304 1184 3367 vu,
1203 3308 1265 3355 536.

130 3477 167 3527 16.
206 3474 310 3540 Septem
326 3509 349 3523 ..
368 3473 477 3542 aienses]
490 3473 651 3524 addendum
703 3489 802 3540 graues
823 3474 926 3526 datores
948 3473 1049 3524 irrueati
1068 3470 1223 3538 parentibus
1240 3478 1267 3521 et

91 3549 151 3592 erut
178 3559 211 3593 ex
240 3541 275 3592 ii·
302 3555 373 3606 qrrae
399 3549 555 3606 sequuntur
579 3541 651 3608 apud
701 3541 873 3607 propinquis:
891 3541 983 3601 matti,
1001 3546 1181 3589 verumtamen
1196 3553 1267 3587 more

91 3609 257 3675 Virgilium:
273 3609 391 3674 flevisse.
703 3609 737 3658 ait
763 3617 887 3658 extrema.
927 3608 985 3656 Non
1013 3607 1070 3656 erit.
1107 3605 1190 3655 Estne
1211 3605 1265 3655 au-

127 3676 326 3742 Aeiremenidet]
346 3675 405 3727 vit.
425 3680 479 3726 nnt.
500 3676 533 3726 ud
552 3678 568 3739 5
585 3679 611 3726 9.
703 3675 767 3741 quid
794 3676 867 3724 uttra
892 3691 944 3742 quo
968 3673 1098 3740 progredi
1123 3673 1267 3724 erudelitas

129 3746 286 3814 Septima..
303 3743 401 3810 aestua]
432 3743 546 3794 Poterat
572 3759 653 3809 prue-
701 3741 794 3808 parsit.
842 3741 1005 3808 Reperietur.
1057 3741 1124 3792 Num
1159 3741 1290 3792 itierum'

92 3813 183 3864 ruitti=
208 3819 233 3862 et
259 3811 376 3862 'i'roudee
399 3817 453 3871 (ec.
473 3810 652 3862 uriaarabiiea
703 3809 780 3860 tiberi
795 3825 876 3874 quum
891 3815 968 3860 aaut
985 3808 1071 3858 securi
1093 3809 1212 3873 percurri
1233 3825 1266 3861 ue

91 3887 156 3932 aunt
174 3884 290 3944 propter
305 3879 407 3944 langue
427 3879 569 3940 laborer),
587 3891 651 3928 nem
704 3877 802 3937 necati,
817 3891 927 3942 corpore
939 3877 1010 3940 serie
1026 3875 1187 3928 adiiciuntur.
1210 3876 1267 3927 Hoc

92 3963 188 4000 eurum
208 3943 319 3995 nurnine
338 3943 462 4012 loquitur
481 3946 534 3998 Irin
557 3945 653 3996 inBe·
706 3946 729 3996 ei
756 3944 902 3994 luctuosum
931 3951 970 3998 ert
994 3945 1117 4012 parenti,
1152 3944 1267 3995 redimtu

93 4029 156 4066 rues
180 4009 283 4064 faniam
306 4027 448 4064 adureret.
493 4011 541 4065 Sir.
567 4029 652 4078 saepe
704 4012 789 4078 pretio
808 4012 953 4079 sepeliendi
969 4019 1140 4080 potestatem,
1169 4011 1206 4059 ci.
1223 4011 1266 4059 49.

92 4083 120 4133 in
148 4081 201 4133 tran
233 4080 308 4132 iibru
336 4081 496 4148 negiigitnr
521 4097 652 4134 uersuum
706 4077 719 4144 t
744 4081 802 4129 ¹³⁰.
836 4079 960 4148 Apparet
986 4096 1039 4129 nun
1066 4087 1141 4130 recte
1168 4077 1196 4127 in
1223 4091 1267 4126 ra-

92 4149 139 4216 qui
156 4149 314 4202 afferuntur
329 4147 481 4216 copulatio.
705 4144 878 4197 cautioribus
893 4145 1064 4198 editionibus
1077 4146 1154 4207 (ι-Ιι)
1168 4141 1265 4192 seruat

126 4215 175 4280 W,
192 4223 216 4268 i.
250 4225 281 4269 ut
302 4217 392 4269 ctam
413 4217 441 4269 iu
463 4216 579 4284 Verrem]
604 4213 653 4265 Di·
704 4216 750 4282 qui
769 4249 796 4264 ..
816 4213 978 4283 regebatur,
997 4212 1138 4264 distinctis
1162 4208 1266 4260 titteris

92 4283 209 4335 cendum
231 4291 307 4336 erate
337 4293 368 4336 ut
386 4285 464 4354 'apud
494 4283 652 4336 Ciceronem.
704 4282 811 4346 nuripte
829 4281 991 4347 enumquam
1008 4275 1266 4344 ubipeocicernne

91 4351 183 4403 Verba
208 4351 354 4403 Ciceroni·
379 4351 406 4402 iu
434 4351 511 4402 Vere.
537 4357 592 4402 ant.
616 4350 653 4412 u,
705 4349 842 4416 proiecta.
1198 4409 1205 4423 ι

91 4421 127 4487 V,
151 4421 199 4481 4⁵,
226 4423 285 4472 tta.
310 4418 383 4470 haee
410 4427 488 4471 eunt:
522 4419 603 4471 Multi
629 4425 655 4470 et
738 4419 765 4466 a.
805 4412 999 4478 Demosthenen]
1018 4413 1087 4462 uon
1106 4411 1266 4478 exponatin
