3042 4900
271 46 337 112 noo
755 38 966 107 uuuuouu

220 212 335 281 besni
354 208 520 277 Eustatbio
537 208 599 273 iem
619 206 706 284 eodo,
728 207 779 273 eui
802 207 954 293 praeripui
977 206 1156 275 consulendi
1179 209 1291 277 ioeum.
1335 209 1453 277 Eusta-

271 298 370 363 ibius:
395 295 492 361 Modo
518 293 565 359 sei
587 291 633 359 vir
662 292 800 357 omnium
830 292 1048 359 disertissimus
1070 294 1224 362 Eusebius
1247 295 1293 361 rei
1315 296 1454 380 quicun-

272 402 335 481 cpue
356 381 460 447 soient
478 377 528 443 aiii
551 376 589 443 ad
610 376 788 441 exercitium
810 377 1042 443 consultationis
1061 379 1225 458 accedant,
1255 400 1313 444 uos
1340 390 1453 465 postea

272 466 417 533 bberiore
436 463 501 531 otio
522 462 765 545 congrediemur.

356 552 398 615 X.
439 550 540 633 Ergo,
575 547 618 611 ait
633 546 805 623 Eusebius,
839 544 999 611 habeadus
1020 546 1095 613 mibi
1115 566 1215 613 sermo
1237 556 1302 622 est,
1335 548 1453 623 Disari,

271 644 374 703 mcum
403 634 442 699 de
466 640 568 697 aetate
588 630 678 696 cuius
704 631 826 697 ianuam
852 630 910 695 iem
941 652 1036 716 paene
1056 633 1147 697 umbo
1169 633 1336 716 pulsamus.
1382 634 1454 697 Ho-

272 740 386 798 merus,
406 739 478 784 cum
497 737 587 782 senes
607 711 891 800 πολιοκροτάφους
912 724 1010 793 vocat,
1031 737 1158 801 quaero,
1176 724 1281 781 utrum
1301 737 1338 782 ex
1361 726 1453 800 perte

271 805 392 892 poetico
416 822 502 868 more
525 808 625 866 totum
651 809 744 885 caput
764 800 934 885 significare
954 800 1042 878 velit,
1070 822 1109 866 au
1138 822 1175 866 ex
1198 800 1302 885 alique
1326 800 1452 866 ratione

242 894 366 961 ternos
385 887 459 955 huic
477 884 640 971 praecipue
701 886 739 949 rii
759 884 866 971 capitis
888 884 1044 970 adsignet?
1086 886 1130 949 Et
1146 885 1301 950 Biserius:
1322 884 1365 949 Et
1388 885 1452 951 boe

271 975 394 1041 divinus
419 972 469 1036 iiie
492 976 575 1036 vates
594 906 769 1055 pruddnten
791 979 826 1035 ut
846 978 955 1037 cotem.
999 972 1077 1037 Nam
1096 990 1165 1055 pars
1182 969 1319 1035 anterior
1338 970 1451 1055 capitis

272 1057 427 1123 humidior
445 1054 588 1152 occipitio
605 1062 667 1131 est,
695 1062 726 1119 et
749 1054 823 1119 inde
842 1054 949 1119 crebro
970 1055 1047 1119 soiei
1069 1054 1204 1152 incipere
1225 1054 1361 1119 eanities
1407 1056 1452 1119 Et

221 1143 320 1235 [misi
338 1162 407 1228 pars
429 1148 572 1216 antenor,
589 1138 633 1205 ait
648 1138 707 1217 iiie,
725 1137 880 1204 humidior
896 1146 952 1216 est,
969 1158 1025 1204 cur
1043 1138 1196 1204 calvitium
1218 1138 1343 1223 patitur,
1360 1138 1450 1224 quod

242 1230 336 1299 iinon
356 1225 415 1293 nisi
439 1244 477 1290 ex
496 1224 634 1291 siccitate
661 1223 830 1309 contingit?
872 1223 1051 1309 Oporinos,
1080 1223 1181 1321 inquit
1204 1222 1362 1299 bisarion,
1390 1224 1448 1289 ob-

272 1312 377 1390 iectio,
412 1310 466 1377 sed
493 1310 572 1376 ratio
599 1329 661 1373 non
689 1309 820 1375 obscura
845 1316 901 1373 est
944 1309 1052 1373 Partes
1079 1328 1161 1373 earm
1190 1308 1307 1392 priores
1336 1308 1448 1393 capitis

273 1397 344 1464 iecit
362 1403 471 1461 natura
497 1394 639 1470 rariores,
660 1402 696 1459 ut
716 1392 864 1479 quicquid
888 1393 1035 1477 superflui
1056 1404 1110 1459 nui
1129 1391 1222 1457 iumei
1245 1394 1336 1457 ssatus
1364 1394 1449 1459 circa

272 1482 431 1549 cerebrum
458 1477 549 1544 fuerit
578 1487 737 1544 evanescet
761 1499 817 1564 per
844 1478 945 1563 piures
973 1484 1106 1543 meatus:
1138 1476 1220 1543 unde
1248 1477 1389 1542 videmus
1417 1478 1448 1542 iu

271 1566 360 1633 siccis
384 1563 597 1630 defunctorum
623 1562 775 1647 capitibus
795 1562 878 1628 reiut
900 1563 1047 1647 quasdam
1069 1570 1191 1628 suturas
1214 1562 1326 1646 quibus
1347 1561 1446 1627 bemi-

271 1649 428 1735 spbaeria,
456 1656 493 1712 ui
523 1647 567 1711 ita
589 1646 734 1725 dixerim,
767 1647 875 1732 capitis
902 1646 1074 1744 diligantur.
1125 1646 1249 1727 Quibus
1283 1646 1378 1729 igitur
1405 1647 1446 1712 iili

272 1741 392 1799 moetus
417 1730 532 1796 iuerini
556 1731 732 1815 ampliores,
757 1732 918 1797 bumorem
940 1732 1077 1796 siccitate
1097 1739 1219 1797 mutant
1237 1738 1270 1796 et
1290 1730 1362 1797 ideo
1383 1738 1445 1796 tar-

241 1818 341 1886 idios
366 1821 546 1890 canescunt,
579 1814 633 1880 sed
656 1836 718 1879 non
743 1816 864 1883 calvitio
889 1824 1002 1881 carent.
1045 1816 1078 1881 Si
1102 1836 1175 1900 ergo
1203 1815 1322 1881 siccitas
1342 1816 1445 1881 enisos

272 1900 383 1978 efficit,
403 1906 435 1965 et
455 1897 625 1983 posteriora
644 1900 753 1985 capitis
771 1901 898 1968 sicciora
920 1921 986 1965 esse
1008 1900 1125 1977 dixisti,
1150 1920 1206 1965 cur
1225 1901 1343 1965 celsum
1363 1901 1444 1965 occi·

241 1986 381 2073 5pitium
401 2003 571 2069 numquam
592 1983 752 2050 videmus?
802 1986 859 2051 ΙΙΙο
879 2005 929 2049 res
971 1985 1052 2050 ndit:
1078 1984 1207 2051 Siccites
1226 1984 1361 2083 occipitii
1382 2006 1444 2050 non

24 2101 28 2186 p
271 2093 310 2137 ex
326 2070 401 2137 vitio
420 2068 473 2135 sod
491 2088 530 2133 ex
550 2076 660 2134 ustura
677 2078 737 2135 est:
756 2070 827 2135 ideo
848 2069 932 2136 omni
955 2090 992 2135 us
1012 2070 1091 2135 sicea
1112 2077 1184 2137 sunt
1203 2069 1353 2154 occipitia.
1397 2070 1445 2135 Er

271 2157 322 2221 iiia
343 2163 447 2221 autem
464 2152 603 2218 siccitate
622 2154 776 2221 calvitium
797 2156 933 2221 nascitur
952 2174 1032 2239 quae
1052 2173 1106 2238 per
1126 2154 1235 2219 maiam
1254 2154 1444 2239 temperiem,

240 2242 365 2329 dquam
386 2238 497 2309 Graeci
512 2238 717 2324 δυσκρασίαν
736 2240 837 2307 soient
858 2259 982 2318 vocare,
1004 2238 1163 2324 contingit
1206 2239 1293 2307 Unde
1313 2239 1443 2326 capillos

337 2426 421 2494 [un.
440 2426 547 2481 assu.

337 2511 372 2564 X.
410 2513 498 2579 capet
518 2512 550 2567 X.
584 2511 637 2577 Qui
649 2514 721 2578 flet,
745 2520 776 2565 esi
796 2513 933 2566 saisitione
953 2513 1055 2582 pariter
1073 2521 1153 2581 eipne
1170 2512 1281 2566 cestrie
1298 2513 1445 2565 anteriores

269 2579 366 2648 sepitis
380 2580 604 2697 porterupriseem
623 2580 763 2632 innodent.
795 2581 898 2633 Deinde
913 2597 959 2632 eur
974 2583 1085 2647 senisii·
1102 2590 1183 2648 etque
1197 2579 1392 2660 eunuchis-ees
1410 2583 1444 2634 eii

270 2645 556 2715 permoneremus?
574 2645 653 2698 cie-b.
756 2651 779 2697 1.
811 2663 894 2700 sermo
909 2653 978 2706 (om.
994 2653 1045 2708 ert)
1064 2647 1145 2700 s-ne.
1162 2673 1197 2686 -
1221 2666 1236 2698 o
1254 2647 1339 2697 duers
1356 2649 1387 2697 Α.
1410 2675 1443 2685 -

269 2715 341 2766 eiua
364 2713 439 2764 casius
457 2713 485 2765 8.
507 2740 542 2754 -
567 2711 706 2781 Homerus]
724 2713 809 2766 liisd.
828 2709 868 2778 θ’,
885 2717 944 2765 616.
972 2713 1015 2764 Gi.
1032 2713 1182 2766 Alexandr.
1199 2713 1340 2764 Probiores.
1360 2713 1443 2780 phys.

269 2782 292 2844 1,
311 2784 334 2833 1.
358 2806 384 2818 -
411 2796 470 2833 cern
489 2795 563 2833 senes
577 2796 631 2830 om.
652 2797 728 2830 1.-
744 2776 983 2848 πολιοκροτάφους
1000 2797 1053 2832 om.
1071 2781 1101 2832 S.
1119 2807 1152 2821 -
1171 2781 1327 2850 signifieat-i
1347 2781 1408 2832 sit.

336 2851 362 2897 2
390 2848 494 2912 occipio
513 2847 549 2897 11.
575 2875 600 2886 ·-
621 2854 646 2898 ei
662 2848 726 2899 inde
741 2883 767 2900 ..
785 2849 918 2899 humidior
936 2857 973 2901 eei
991 2865 1045 2900 orn.
1062 2847 1092 2900 S.
1110 2875 1145 2886 —
1164 2864 1210 2902 eur
1232 2849 1370 2900 enioiiiaree
1385 2865 1443 2915 pe-

268 2913 346 3033 ditat}
366 2912 413 3031 fik,
426 2914 631 3032 bbeibr'didrft
648 2913 685 2977 ,ι
705 2917 763 3032 ¹⁸}
772 2915 1098 3034 diuicdddgddmffuddqevz)
1111 2930 1171 3022 n:-
1186 2982 1241 3034 oeci
1257 2914 1444 3042 duesdedit:

269 2997 479 3127 nigritiesue&
504 3048 547 3129 ii),
570 3048 600 3098 Ρ.
615 2997 644 3048 Β.
703 3051 728 3100 6.
757 2999 949 3100 essedarios
969 2997 1129 3110 suodedit
1165 2998 1304 3107 Aoede).
1338 3063 1393 3100 orn.
1413 3019 1442 3100 S:

268 3124 446 3179 αοιιραοιοοι
486 3149 494 3164 .
528 3111 670 3179 emerius
686 3131 744 3168 r-e.
770 3143 805 3153 -
828 3131 922 3168 rorare
939 3118 1022 3169 soient
1040 3132 1100 3183 v-g.
1201 3117 1228 3167 6.
1258 3114 1329 3166 inde
1348 3113 1380 3166 ii.
1410 3144 1440 3153 -

270 3299 343 3362 tine,
371 3297 480 3349 Graece
503 3297 608 3365 scripio
631 3299 659 3352 in
678 3301 739 3353 cod.
758 3302 781 3352 Δ
803 3306 832 3352 ei
881 3305 1005 3366 menius,
1032 3297 1128 3367 πόροι,
1156 3303 1187 3352 ut
1210 3303 1328 3368 apparet
1347 3317 1380 3352 ex
1405 3301 1443 3354 iis

269 3363 592 3434 incedicieSes-cbeip
613 3383 639 3418 ο.
900 3384 952 3420 uae
978 3374 1140 3435 sequantur.
1180 3367 1222 3418 01.
1249 3385 1273 3418 c.
1298 3369 1329 3431 4,
1397 3372 1441 3420 28.

303 3433 458 3485 consedendi
473 3433 570 3500 iorum]
589 3385 631 3485 di.
650 3451 674 3484 ο.
689 3433 744 3499 Η
766 3437 829 3500 leq.
880 3385 1016 3487 dissensi.
1054 3433 1194 3486 Probierrc
1234 3433 1317 3500 phys.
1376 3473 1384 3498 ,
1415 3438 1443 3484 2.

302 3499 343 3565 Χ,
361 3507 387 3553 6.
422 3499 556 3552 horridior
569 3502 690 3568 occipitio
709 3507 747 3552 eei
767 3499 831 3566 cet]
881 3497 952 3553 dedu
967 3496 1078 3567 μαλακὰ
1095 3499 1141 3552 καλ
1159 3494 1363 3566 epanenses.

267 3568 426 3620 Aiexander
453 3568 596 3620 Probiores.
624 3569 706 3634 pbye.
737 3567 764 3630 Ι,
789 3571 829 3618 1.ι
908 3569 999 3633 semei
1010 3568 1107 3634 fletur]
1130 3565 1174 3617 01.
1197 3583 1219 3616 a.
1237 3571 1268 3629 6,
1290 3567 1304 3632 6
1325 3569 1365 3618 ii.
1389 3569 1442 3619 Ce-

260 3629 323 3685 Ὅτι
344 3630 381 3695 ὥς
397 3631 442 3686 tut
457 3634 490 3686 vd
507 3636 643 3701 πλε1οτοα,
661 3634 769 3701 inquit,
789 3628 831 3686 ἐν·
881 3635 1023 3687 rebraret..
1035 3635 1104 3701 serii
1117 3633 1205 3698 seni
1221 3635 1331 3686 calentia
1346 3649 1443 3702 neper-

267 3699 368 3751 esses»
387 3698 419 3750 ori
435 3700 530 3753 πολιαὶ
546 3696 687 3769 ἄρχονται,
701 3700 740 3771 τῷ
758 3695 829 3752 εἶναι
879 3703 953 3770 gine.

267 3761 303 3813 τὰ
528 3769 579 3834 τῆς
612 3784 643 3820 ssa
685 3768 734 3836 λῆς
771 3767 830 3819 τῶν
913 3773 940 3819 4.
982 3767 1128 3833 posteriore
1158 3765 1263 3834 eapitis]
1298 3765 1318 3816 1.
1347 3781 1372 3816 e.
1406 3763 1444 3816 rei

268 3785 829 3902 ὀπιοθλωνογρότιραιιαῖαφλογμα·
879 3828 1026 3886 ὀπίσθια
1051 3833 1101 3899 τῆς
1127 3833 1255 3900 κεφαλῆς.
1299 3831 1343 3882 ci.
1371 3834 1388 3896 s
1416 3837 1443 3882 6.

267 3891 442 3961 τικῶτερα.
877 3901 1136 3968 pertesprioree
1151 3903 1248 3980 cepitis
1261 3899 1443 3962 ο111,11,16.

301 3979 354 4015 eon
372 3965 426 4014 uisi
443 3980 475 4015 ex
491 3965 618 4031 eieeiteiel
644 3965 689 4016 01.
711 3982 736 4015 e.
754 3969 786 4026 6,
811 3965 829 4027 S
878 3966 1443 4034 corporirruperne.vrd.proi.pann.

268 4031 311 4082 11.
345 4030 420 4094 Quae
445 4029 607 4092 (calvitiem
637 4036 666 4083 et
695 4031 828 4091 canities)
912 4037 937 4083 6.
977 4034 1018 4084 Er
1043 4033 1093 4083 itin
1116 4033 1236 4085 eieeitnie
1255 4069 1281 4083 ..
1307 4047 1377 4099 quoe
1393 4047 1444 4099 per

267 4113 321 4148 noe
336 4096 390 4149 nisi
412 4098 530 4165 inopia
552 4098 678 4150 coieris
695 4098 829 4162 eonieai,
857 4100 978 4186 'muium
995 4100 1188 4166 temperiem..
1209 4097 1351 4166 contingit]
1374 4098 1443 4149 Ate·

268 4169 297 4215 et
314 4162 468 4228 intruso.
878 4165 985 4216 render
1010 4165 1028 4216 1.
1054 4182 1076 4215 e.
1104 4166 1176 4216 dicit
1201 4171 1324 4218 teuton:
1353 4158 1388 4215 Ἡ
1412 4161 1445 4214 ei

268 4232 446 4360 ⁵goetp’nppitp
461 4229 556 4348 011505
573 4231 591 4280 6
607 4232 637 4281 ei
652 4231 694 4293 9.,
714 4234 742 4282 et
758 4247 783 4280 o.
801 4235 828 4295 6,
878 4227 1055 4350 φαλιῖιιροσις
1077 4228 1129 4299 τὴν
1150 4228 1254 4299 γένεσιν
1272 4227 1303 4282 ἐι
1324 4225 1444 4296 §pedep-

315 4313 358 4348 .e
389 4315 412 4348 c.
541 4329 549 4346 .
877 4311 894 4347 τ
973 4313 1006 4350 ei.

301 4365 329 4412 6.
363 4335 477 4420 νοτὶοαίι
502 4377 587 4431 (μοι
603 4361 701 4429 pieres
718 4362 755 4415 iie
771 4361 829 4415 sint
862 4378 867 4389 ¹
895 4313 939 4416 ob.
955 4315 1086 4432 ‘eupitius
1108 4363 1198 4433 crispi]
1227 4363 1288 4418 vid.
1307 4361 1443 4431 proiegg.
