3042 4900
177 27 241 92 sta
665 17 876 88 Macuoull

182 213 289 262 sumus
311 189 341 255 id
369 186 561 274 potissimum
581 186 619 251 ab
642 207 680 252 eo
722 188 863 257 robatum
888 188 972 272 quod
998 207 1036 255 ex
1059 207 1115 255 sua
1135 186 1362 255 consuetudine

185 282 215 346 in
239 277 348 344 ultimo
372 272 490 358 posuit,
520 280 591 351 utu
620 272 669 339 dei
693 208 836 340 dedicato
859 272 1044 343 simulachro
1064 273 1226 341 delubrum
1250 294 1361 361 coepe-

156 366 225 435 4rit
262 355 440 443 nuncupari.
499 357 644 440 Virgilius
679 365 781 426 tomen
819 368 982 456 utramque
1015 358 1164 426 rationem
1202 358 1364 442 diligenter

186 459 232 516 est
252 453 406 514 executus.
450 443 493 508 Ut
514 442 593 508 enim
620 440 638 510 b
662 452 818 528 postrema
844 444 1040 530 incipiamus,
1077 444 1250 519 obsecravit
1275 443 1362 510 delu-

186 538 273 603 brum
300 530 513 621 nominpturus
543 537 596 592 aut
625 529 747 614 proprio
774 529 901 595 deorum
928 530 1052 598 nomino
1077 539 1131 599 aut
1154 551 1191 596 ca
1207 533 1304 614 'quae
1305 528 1364 615 dis

186 616 490 684 accommodarentur
510 614 656 677 inserere:

314 704 351 778 At
369 701 482 786 qemiui
502 701 589 786 lapsu
611 701 734 767 delubra
755 700 797 766 ud
817 723 933 769 summu
954 700 1100 769 dracena

315 788 480 872 Effuqt'rrut,
960 817 996 874 ‚p

190 885 235 952 et,
254 881 289 939 ut
310 893 381 936 mox
401 867 616 938 simulachrum
642 868 827 946 nominaret,
846 870 1017 937 subtexuit:

501 977 605 1020 scevae
624 975 661 1020 ue
678 967 785 1042 petunt
811 956 975 1024 froamed
995 976 1104 1031 orcam,

317 1041 379 1106 Sub
402 1039 581 1128 pedibusque
600 975 672 1106 deae
692 1041 844 1128 clypeime
863 1041 919 1109 oct
939 1043 1010 1107 orba
1030 1051 1180 1126 taqueum,

192 1129 277 1192 item:
318 1128 380 1276 iiis
395 1125 525 1276 ‘peludru
543 1125 631 1192 deum
649 1127 763 1203 neeri,
784 1127 891 1212 quibus
909 1128 1032 1194 saltamus
1050 1139 1122 1194 esset

358 1235 373 1276 e
417 1233 466 1274 res.

163 1299 279 1396 billum
310 1317 380 1382 varo
412 1295 588 1386 opinionem
620 1295 659 1372 dc
687 1315 772 1372 area,
808 1316 901 1381 quam
934 1297 1034 1362 Varro
1064 1293 1268 1380 praedixerat,
1300 1312 1366 1362 uou

192 1391 479 1564 0m's'td2rr'rtct'qrs'c
497 1465 621 1533 delubra
641 1465 767 1541 adeunt,
784 1486 948 1552 puteoque
966 1488 1023 1552 prr
1041 1486 1113 1534 arus

193 1647 224 1700 et
246 1553 504 1706 moxihridbrddii
521 1657 576 1698 cra
596 1635 683 1698 deum
700 1637 831 1721 piisquea
851 1592 1002 1721 spotabtur
1022 1634 1064 1698 cd
1081 1655 1162 1698 eros.

195 1720 279 1798 Quid
313 1719 471 1816 animost
500 1720 649 1806 spatiatur
682 1739 775 1803 quam
807 1719 905 1816 spatio
931 1719 983 1784 lati
1017 1718 1133 1783 itineris
1165 1713 1367 1796 obambulat?

196 1803 291 1885 Quod
325 1802 484 1868 adiciendo
513 1811 584 1867 ante
613 1823 681 1868 aras
713 1803 847 1884 ostendat
882 1825 983 1868 aream
1013 1804 1206 1888 adsumptam
1237 1800 1367 1864 deorum

197 1911 297 1955 causa.
337 1889 382 1953 Ita
394 1910 461 1985 ‘suo
482 1909 567 1954 more
584 1887 668 1954 velut
684 1887 768 1954 aliud
787 1888 905 1973 agendo
927 1886 1021 1987 inplet
1039 1889 1180 1954 archana.
1292 1969 1299 1982 .

88 2023 94 2030 -
166 1978 187 2039 a
282 1974 331 2038 De
362 1973 418 2038 xdre
457 1994 583 2059 quoque
613 1974 824 2041 Romanorum
860 1995 1009 2061 proprus,
1047 1973 1078 2039 id
1114 1982 1162 2038 est
1191 1969 1370 2047 Penatibus,

263 2168 342 2234 [Mas.
361 2167 488 2222 ABGPS.

196 2271 256 2320 r-g.
279 2281 307 2291 -
336 2253 374 2302 ab
399 2251 442 2303 dei
467 2269 527 2321 1-3.
574 2259 603 2305 el
629 2253 672 2304 dcl
697 2256 765 2311 (cur.
793 2257 824 2313 a)
851 2251 880 2304 8.
1001 2254 1026 2302 4.
1063 2259 1186 2303 «exutus
1215 2256 1285 2313 (em.
1313 2253 1370 2309 eat)

196 2323 223 2372 Ιι.
253 2349 286 2360 -
315 2320 429 2388 propriu
456 2319 486 2370 S·
523 2349 554 2358 -
586 2321 632 2387 At]
661 2321 727 2371 Aen.
761 2321 803 2382 ΙΙ,
832 2324 891 2370 226.
926 2347 953 2358 -
989 2320 1101 2371 delubra
1128 2321 1166 2371 ad
1192 2335 1295 2369 euna
1324 2351 1368 2371 ..0

198 2390 252 2440 Sub
274 2388 434 2455 pedibusque
460 2388 535 2454 dene]
562 2387 605 2438 Gl.
633 2388 711 2438 Serv.
734 2389 752 2438 Ι.
772 2404 796 2438 c.
824 2414 857 2426 -
886 2386 1042 2455 aureaeque]
1068 2387 1106 2439 it.
1132 2390 1191 2438 226.
1214 2411 1246 2424 -·-
1277 2383 1368 2434 'ibitu-

194 2458 280 2509 nidos
297 2456 376 2507 s-bl'.
400 2484 423 2493 -
451 2457 505 2507 Noa
537 2457 719 2521 centusse.
824 2460 850 2506 ll.
878 2457 1060 2523 dimitite-g.
1077 2481 1110 2493 —
1129 2457 1271 2505 delubrum
1288 2457 1367 2517 (sup.

195 2528 227 2584 a)
246 2524 278 2575 G.
309 2550 339 2561 -—
370 2524 501 2590 Principio
532 2526 597 2575 ben.
614 2524 659 2587 lt',
678 2529 720 2576 56.
745 2552 779 2565 -·-
806 2523 871 2591 Aur]
888 2523 926 2574 ib.
944 2528 987 2575 02.
1015 2548 1046 2561 ·-
1072 2526 1128 2575 Aer
1204 2518 1368 2583 obambulat}

195 2592 236 2642 Gi.
256 2590 336 2641 Serv.
354 2590 386 2641 nd
408 2594 473 2641 Aen.
493 2591 538 2653 lv,
556 2596 598 2642 56.
623 2621 647 2634 -
683 2601 721 2643 art
742 2592 839 2642 abiud
859 2606 915 2642 Μ.
955 2592 1052 2642 aliud
1070 2589 1216 2657 eatbgbl'.
1244 2616 1273 2627 ·-
1302 2602 1368 2653 rpu-

196 2662 270 2711 tiarr'
286 2658 346 2717 (vel
364 2666 453 2726 spec.)
470 2675 531 2725 ug.
556 2686 580 2697 -
603 2660 654 2711 luti
672 2660 737 2710 loci
755 2659 834 2710 Serv.
853 2658 872 2709 Ι.
890 2674 914 2709 c.
934 2686 960 2696 -
985 2659 1181 2709 obambulabat
1200 2656 1232 2707 P.
1255 2683 1287 2693 —
1304 2655 1371 2707 clio

196 2728 303 2794 agenda
320 2726 349 2775 S.
452 2730 477 2777 o.
509 2730 573 2794 Cap.
594 2730 624 2776 V.
645 2728 716 2791 Quid
733 2726 1017 2794 responsionum
1037 2727 1117 2791 Qun.
1134 2752 1169 2763 ·—
1184 2724 1284 2775 desiere
1299 2737 1372 2773 uana

200 2894 329 2945 Sabinum
353 2893 528 2945 Delubrum
546 2895 654 2963 afflgiar
671 2910 688 2944 a
708 2894 756 2945 de·
808 2892 910 2959 reatur]
929 2891 947 2946 i.
961 2910 983 2947 e.
996 2898 1046 2945 aut
1058 2892 1174 2945 dearum
1191 2890 1370 2959 cognomina,

197 2962 336 3011 libratione
354 2962 470 3011 torticiae
492 2978 554 3013 aaar
573 2963 677 3028 antiqui
689 2963 756 3026 feli·
809 2970 839 3011 ut
858 2961 932 3012 inira
954 2962 1077 3015 utrensi.

197 3028 264 3077 cium
285 3028 405 3077 arborum
423 3044 510 3078 remos
529 3030 622 3079 cortice
640 3030 758 3081 detracta
841 3027 964 3094 murae]
983 3027 1040 3080 Vid.
1061 3027 1190 3108 pralegg.
1209 3043 1235 3091 p.
1254 3042 1298 3077 ιι..

198 3096 226 3144 ia
244 3094 350 3159 effigies
371 3095 475 3145 deorum
493 3096 661 3159 formabant,
688 3097 758 3147 arada
841 3098 867 3146 b.
902 3094 991 3176 quam]
1008 3105 1131 3161 positum
1147 3101 1190 3147 eat
1209 3091 1335 3160 protriti.

202 3160 298 3211 Graeci
319 3153 421 3220 ξόανον
445 3161 543 3211 dicuat.
574 3162 649 3220 (Vid.
674 3162 755 3213 eund.
846 3163 922 3228 Quod
939 3162 1089 3228 adicienda]
1111 3179 1149 3214 ac.
1169 3162 1283 3212 aurbum
1302 3176 1369 3227 apu-

198 3226 232 3279 sd
263 3226 329 3277 ben.
364 3226 412 3286 lll,
449 3228 516 3287 bb).
572 3228 757 3281 Doederlinuu
807 3230 901 3285 tiatur.
945 3230 1035 3297 Vulgo
1065 3231 1139 3281 male
1168 3229 1224 3280 boc
1252 3229 1369 3280 uerbum

198 3294 304 3360 (Etym.
324 3309 351 3358 p.
369 3296 425 3353 54.)
446 3294 518 3345 banc
535 3310 629 3345 rocem
649 3297 759 3351 derivat
807 3295 837 3349 in
853 3297 1083 3349 antecedentibus
1100 3296 1237 3363 seriptum
1252 3302 1295 3347 eat
1307 3294 1370 3345 vul·

198 3362 234 3413 ab
252 3360 371 3427 eoquod
391 3368 434 3412 eat
453 3362 552 3424 lacera,
578 3358 676 3414 λούειν.
711 3364 756 3418 01.
808 3364 926 3433 guribus
941 3362 1057 3427 litteris,
1074 3367 1123 3418 aad
1141 3364 1169 3415 ia
1187 3362 1371 3429 sequentibus

199 3430 277 3482 Serv.
298 3429 353 3481 l.c.
379 3430 549 3481 Delubrum
568 3431 757 3497 dicitur,quod
808 3440 870 3486 uate
890 3448 956 3483 aras
977 3431 1083 3485 litteris
1101 3430 1258 3496 distinctis,
1286 3428 1370 3497 quari

198 3516 250 3549 uno
264 3506 332 3551 tectu
347 3499 426 3564 pluro
442 3498 622 3565 complectitur
637 3500 757 3562 samiae,
809 3499 880 3553 baec
897 3506 993 3551 esseut
1008 3499 1094 3553 acrba
1111 3498 1235 3567 virgilii.

198 3568 262 3632 quia
280 3582 332 3618 unc
348 3572 414 3618 lecto
432 3566 585 3631 diluitur,
601 3574 630 3619 ut
647 3574 684 3617 est
702 3568 757 3618 Ca·
842 3568 915 3620 velut
934 3568 1012 3619 uliud
1029 3587 1046 3619 a
1070 3568 1147 3635 eada]
1163 3567 1204 3619 Cb.
1223 3566 1251 3629 l,
1265 3566 1308 3615 24.
1327 3568 1371 3619 li.

195 3633 317 3697 pitatium
334 3634 361 3682 in
379 3652 430 3699 que
445 3642 484 3689 cst
502 3635 623 3687 Minerua
638 3635 758 3702 luppiter
808 3643 944 3701 tauquam
965 3586 1068 3687 aliud
1080 3652 1192 3703 ageas.

201 3698 274 3747 lano.
309 3699 364 3748 Alii
387 3702 427 3763 [ut
455 3702 569 3769 Cincius]
595 3703 685 3755 diruat
704 3703 756 3755 da·
840 3706 867 3752 6.
901 3702 930 3752 id
947 3702 1152 3768 eatPeaatibur]
1173 3703 1205 3754 ln
1223 3697 1372 3751 Serviani·

199 3763 322 3813 lubrunt
347 3780 401 3815 erac
424 3768 509 3819 locuar
534 3779 595 3823 uate
622 3772 756 3838 templum,
808 3768 1024 3821 Commentariis
1045 3770 1080 3821 ad
1104 3787 1168 3821 enm
1190 3766 1305 3833 Virgilii
1326 3766 1372 3817 lo·

200 3830 246 3881 ubi
263 3846 334 3897 aqua
353 3833 446 3885 currit.
470 3850 487 3885 a
507 3836 674 3888 diluenda.
706 3838 757 3889 Eat
808 3853 870 3887 cam
888 3852 970 3901 quesn
990 3837 1089 3889 citavit
1108 3835 1268 3892 Macrobius
1287 3833 1370 3898 (bea.

200 3903 289 3949 aulam
307 3898 481 3961 synecdocbe,
504 3900 530 3949 la.
550 3919 571 3953 e.
589 3920 606 3953 u
621 3912 699 3968 purte
715 3914 756 3955 to·
807 3903 865 3967 tlt,
892 3906 966 3968 119.)
991 3903 1109 3969 legitur:
1146 3905 1219 3956 Sanc
1241 3902 1289 3953 boo
1311 3900 1369 3953 loeo

199 3973 315 4015 tum...
367 3964 423 4013 Alii
459 3966 629 4019 delubrum
666 3970 758 4025 dicunt
812 3971 945 4039 Virgilius
963 3980 1067 4023 secutus
1088 3980 1201 4026 cateruas
1220 3970 1370 4037 opinionon

162 4065 165 4073 ·
198 4032 324 4098 templum
349 4031 382 4081 ab
405 4046 434 4081 ec
455 4034 525 4097 quod
548 4035 618 4087 aulli
641 4037 758 4088 inactum
811 4038 997 4105 Neptunum
1018 4048 1121 4091 tautum
1139 4048 1164 4090 et
1185 4038 1370 4105 Apolline·

199 4098 757 4171 aedificiopluciodiluaturdlurtung.
807 4107 972 4158 aestinavit:
1006 4108 1131 4160 dicuutur
1160 4107 1231 4157 enim
1259 4105 1288 4157 bi
1320 4101 1371 4153 dii

199 4166 216 4215 l.
233 4183 256 4217 c.
271 4184 296 4231 p.
318 4168 373 4217 114.
388 4168 523 4219 delubrum
536 4168 577 4219 ait
592 4169 757 4236 siguificare
811 4173 951 4226 Penates
961 4175 1061 4237 suisne,
1080 4192 1145 4243 quoa
1159 4189 1246 4225 seeum
1260 4170 1372 4224 aduenit

198 4233 289 4285 locutu
306 4235 342 4289 ab
359 4234 433 4287 carni
453 4252 504 4286 usu
523 4238 633 4303 privato
649 4238 758 4291 delibe-
808 4243 928 4303 Aeneas,
950 4242 1070 4307 quamuis
1086 4241 1199 4295 diuersis
1217 4240 1282 4291 lesia
1299 4238 1372 4289 alias

200 4308 301 4353 ratum.
808 4306 943 4373 opiniones
968 4308 1082 4361 allorum
1106 4317 1210 4361 secutam
1233 4302 1372 4374 posted·

231 4369 254 4415 4.
290 4375 337 4418 aut
365 4384 396 4419 aa
421 4371 553 4436 quaudiu
575 4372 756 4425 aecemmcda-
808 4373 861 4429 diis
881 4374 1024 4429 Penatibus
1040 4376 1147 4429 dicem
1163 4375 1270 4436 dixerit,
1287 4377 1317 4425 et
1333 4370 1371 4428 aa
