3042 4900
231 45 292 112 let
697 37 909 104 Machouu

224 211 321 282 nostri
346 209 449 276 circuli
474 209 603 272 lustrare
627 204 884 293 hemisphaerium
911 227 983 272 curn
1009 208 1196 274 incremento
1220 209 1345 277 luminis
1371 223 1403 278 et

195 301 354 370 ddierum.
410 295 459 359 hb
488 315 561 379 apro
591 299 693 356 autem
720 291 847 356 tradunt
875 292 1091 378 interemptum
1118 295 1256 373 Adonin,
1292 297 1402 364 hiemis

224 383 386 466 imaginem
417 380 447 442 in
473 378 533 443 hoo
560 377 681 442 euimali
701 377 866 461 lingentes,
898 378 982 463 quod
1004 399 1078 463 uper
1097 377 1238 464 hispidus
1259 389 1292 446 et
1313 405 1403 468 asper

224 467 337 553 gaudet
362 465 437 531 loeis
464 463 599 528 humidis
621 461 729 528 lutosis
750 463 859 548 pruine
882 485 922 527 ue
939 464 1104 540 contectis,
1130 466 1316 551 proprieque
1336 468 1401 534 hie·

225 553 294 618 mali
320 550 422 616 lruetu
446 549 592 635 pasoitur,
625 547 748 698 qlaude:
778 484 973 633 ergohiems
1001 548 1094 614 veluti
1116 550 1227 615 vulnus
1250 561 1299 616 est
1317 555 1401 633 solis,

226 658 306 724 quae
324 645 355 700 et
377 636 475 700 lucem
498 635 564 699 eius
587 654 627 698 ne
651 633 676 698 is
697 635 808 698 minuit
827 641 858 698 et
877 635 1022 698 calorem:
1045 634 1129 718 quod
1148 644 1316 722 utrumque
1335 640 1401 704 aui-

196 723 380 794 bmantibus
403 720 514 784 aeeidit
538 727 646 784 morte.
691 717 915 784 Simulechrum
941 718 1033 783 huius
1061 718 1137 784 deee
1162 720 1194 785 in
1220 732 1326 788 monte
1348 725 1401 788 Li-

226 810 306 876 bano
325 805 449 891 lingitur
471 804 570 891 eapite
589 804 743 889 obnupto,
764 803 866 888 speeie
884 803 979 880 tristi,
1006 802 1111 869 leeieur
1134 826 1229 872 uranu
1249 808 1333 873 leera
1352 809 1401 874 iu·

224 903 271 959 tra
301 892 447 958 amictum
482 891 650 966 sustineus,
684 887 825 954 lacrimae
851 887 968 953 visione
996 888 1247 974 conspicientium
1277 914 1402 960 manare

225 979 407 1044 ereduntur:
440 995 519 1060 quae
540 974 655 1058 imago,
688 981 808 1058 praeter
837 973 920 1058 qued
945 973 1076 1057 lugentis
1102 983 1164 1052 est,
1195 984 1233 1040 ut
1257 977 1401 1057 diximus,

227 1064 318 1140 deae,
348 1069 447 1125 terrae
472 1080 596 1145 quoque
617 1057 754 1124 hiemalis
780 1065 840 1135 est,
866 1079 929 1155 quo
953 1067 1091 1144 tempore
1110 1061 1247 1159 obnupta
1264 1062 1400 1130 nubibus

227 1149 291 1214 sole
313 1145 434 1212 viduatu
456 1153 570 1231 stupet,
603 1143 765 1228 fontesque
787 1143 880 1209 relutr
898 1152 997 1208 wrree
1017 1144 1099 1208 oculi
1121 1146 1246 1211 uberius
1266 1159 1401 1226 manent,

177 1253 238 1320 [eru
250 1231 375 1318 agrique
402 1229 521 1294 interim
547 1248 603 1293 suo
626 1229 712 1293 cultu
739 1228 822 1292 vidui
845 1237 992 1292 maestam
1018 1227 1124 1294 lecieur
1148 1231 1196 1295 sui
1218 1242 1400 1298 monstrent.

197 1250 287 1384 oded
309 1337 378 1382 eum
402 1315 447 1380 sol
475 1314 598 1380 emersit
620 1315 658 1379 ab
679 1312 873 1378 inlerioribus
898 1313 1035 1399 partibus
1061 1323 1172 1393 terrae,
1208 1318 1401 1404 vernalisque

227 1399 412 1488 aequinoctii
444 1397 665 1482 transgreditur
696 1397 771 1464 fines
805 1398 945 1481 eugendo
979 1398 1072 1464 diem:
1109 1408 1183 1464 tuuc
1215 1411 1263 1466 est
1294 1403 1400 1470 Venus

227 1488 314 1565 laete,
335 1494 366 1550 et
385 1485 510 1570 pulchra
533 1483 630 1548 virent
653 1503 724 1548 erue
745 1483 907 1567 segetibus,
947 1491 1012 1548 reta
1034 1483 1145 1562 herbis,
1167 1487 1292 1552 arbores
1311 1488 1399 1554 loliis.

227 1573 302 1637 Ideo
321 1569 451 1635 maiores
471 1570 566 1634 nestri
588 1569 722 1655 Aprilem
745 1589 882 1632 mensem
933 1569 1017 1632 eneri
1039 1569 1226 1635 dicaverunt.

199 1658 218 1722 'l
313 1654 458 1720 Similiter
481 1655 615 1738 Phryges
639 1653 747 1718 sabulis
774 1662 806 1717 et
830 1673 987 1719 sacrorum
1013 1653 1327 1720 administrationibus
1352 1657 1399 1721 in-

229 1739 354 1804 mutatis
376 1739 456 1802 eirca
474 1739 603 1803 Matrem
622 1739 723 1802 Deum
742 1745 775 1802 et
797 1738 934 1803 Attinem
954 1736 1059 1802 eadem
1082 1739 1215 1826 intellegi
1256 1750 1399 1807 reestant.

199 1823 310 1904 SQuis
344 1822 424 1888 enim
459 1823 592 1908 ambigat
617 1823 746 1888 Matrem
779 1823 882 1888 Deum
917 1832 1029 1887 terram
1057 1823 1186 1891 haberi?
1229 1762 1312 1890 haee
1342 1826 1399 1891 dea

229 1909 369 1976 leonibus
392 1907 527 1988 uehitur,
560 1907 667 1976 ualidis
692 1907 810 1995 impetu
829 1917 922 1994 atque
947 1907 1064 1976 lerrore
1090 1909 1285 1991 animalibus,
1319 1931 1400 1997 quae

296 2097 375 2165 [mn.
399 2093 526 2148 aeuus.

227 2198 272 2234 see
290 2181 319 2232 S.
355 2197 401 2232 ser
423 2179 510 2248 signis
534 2179 659 2233 annuis
678 2179 758 2245 r-gh.
790 2177 893 2244 „Certe
912 2179 1027 2231 vcrlrrrm
1047 2179 1143 2232 annuis
1161 2195 1214 2230 uon
1230 2177 1329 2231 inutile
1346 2179 1397 2231 dc-

226 2251 274 2300 bct
292 2247 477 2301 existimaris·
494 2247 578 2299 Zeun.
679 2251 703 2299 4.
729 2249 911 2314 interemptum
929 2248 1035 2299 adonim
1055 2249 1164 2302 trudunt
1182 2247 1215 2304 G.
1232 2275 1264 2285 —
1283 2249 1398 2299 sidonien

227 2315 279 2369 AS.
295 2343 327 2354 -
347 2315 471 2367 animale
488 2315 541 2366 ΑΡ.
562 2343 596 2354 -
620 2323 650 2368 et
673 2317 766 2369 lutosis
786 2315 853 2366 Edd.
872 2313 922 2365 l’S.
950 2342 984 2353 -
1010 2318 1106 2367 vulnus
1125 2316 1274 2378 solertem.
1293 2317 1346 2380 est)
1365 2315 1398 2367 Ρ.

231 2413 256 2423 -
277 2383 358 2435 luceru
375 2383 449 2434 nohis
468 2389 536 2444 (our.
555 2384 624 2443 eius)
641 2382 669 2433 S.
773 2387 797 2434 6.
825 2392 932 2451 praeter
960 2400 1030 2434 rrum
1048 2384 1118 2453 quod
1135 2383 1253 2451 re-gbt'.
1273 2383 1401 2446 „Sensus

227 2453 319 2521 poscit
335 2454 407 2505 breue
426 2451 604 2503 lectionem.“
624 2452 708 2503 Zeuu.
730 2480 761 2490 -
780 2459 809 2503 ut
831 2400 956 2519 diximurh
973 2452 989 2515 ς
1007 2455 1083 2503 3.-
1103 2452 1157 2503 sele
1173 2470 1226 2503 orn.
1241 2452 1271 2503 P.
1288 2478 1318 2491 -
1338 2470 1400 2503 ocu-

227 2522 270 2573 lis
288 2522 321 2571 A.
424 2524 450 2570 6.
479 2520 585 2571 selem.
605 2519 635 2572 A.
658 2548 692 2561 ·-
713 2521 862 2573 emerserit
882 2520 966 2589 Δι’-ς.
995 2546 1030 2559 -
1058 2526 1090 2571 et
1114 2522 1277 2589 Veners-g.
1313 2528 1400 2573 estet

260 2707 346 2760 uestri
363 2706 466 2777 circuli]
495 2705 515 2759 i.
533 2722 558 2759 e.
583 2706 789 2774 septentrione·
873 2706 965 2758 eudem
997 2706 1121 2774 intellegi
1150 2704 1301 2774 praestent]
1328 2704 1348 2757 i.
1373 2722 1399 2757 e.

227 2776 274 2829 lis.
303 2775 346 2826 Gi.
365 2773 472 2826 comm.
492 2774 515 2837 l,
536 2779 576 2838 15,
595 2779 635 2828 1³.
837 2775 937 2825 eedem
956 2773 1147 2839 intellegenda
1168 2790 1231 2825 esse
1243 2775 1400 2827 ostendunt.

260 2846 285 2895 4.
329 2844 367 2895 Ab
406 2860 472 2910 apro
511 2841 705 2911 interemptum]
743 2840 788 2895 Gi.
839 2842 992 2893 Verborum
1010 2840 1182 2893 constructio
1201 2858 1282 2893 nure.

227 2910 387 2978 Apollodor.
407 2917 435 2961 et
448 2908 529 2961 Ouid.
546 2910 576 2962 ll.
593 2928 632 2961 ce.
656 2910 788 2962 Creucer.
872 2914 898 2959 8.
937 2909 1049 2960 Matrem
1074 2910 1155 2959 Deum
1178 2917 1276 2961 terreus
1296 2908 1399 2975 tebni]

227 2980 262 3041 ll,
284 2994 309 3044 p.
326 2980 379 3027 424
397 2983 426 3027 et
441 2980 492 3027 429
513 2978 532 3029 i.
839 2975 882 3029 Gi.
907 2976 982 3028 infru
1006 2992 1030 3026 c·
1045 2978 1093 3039 2³,
1119 2979 1195 3040 520.
1227 2976 1338 3028 Lucret.
1362 2977 1400 3039 ll,

261 3048 286 3093 6.
322 3044 349 3095 in
368 3050 453 3095 ruente
468 3042 585 3161 hibuneq
596 3041 736 3095 Lucienus
753 3042 789 3094 de
838 3048 890 3095 698
908 3061 949 3110 sq.
975 3045 1064 3108 Quare
1082 3060 1203 3111 magno
1222 3046 1311 3096 deum
1336 3061 1401 3094 nru-

228 3112 281 3160 den
299 3110 382 3175 Syrie
398 3114 422 3160 6.
452 3105 722 3175 Eldovd‚iuquit,
741 3108 790 3161 καλ
839 3120 889 3164 ter
906 3120 1041 3178 neuterque
1053 3114 1176 3175 serarum
1195 3114 1232 3163 Et
1250 3114 1401 3179 nestrige-

227 3173 257 3230 ἐν
276 3174 373 3244 Βύβλῳ
389 3170 458 3241 μέγα
479 3173 541 3243 lpdv
558 3172 715 3243 Ἀφροδίτης
735 3180 789 3228 Bu·
838 3180 925 3230 seteis
949 3179 1014 3231 leuce
1039 3180 1111 3229 dicte
1138 3187 1176 3231 eet
1202 3180 1318 3246 eorporis
1344 3196 1400 3229 sinu

227 3242 312 3313 βλλης,
329 3236 358 3294 ἒν
373 3242 412 3313 τῷ
427 3240 473 3293 καὶ
490 3238 525 3295 τὰ
543 3236 622 3309 ὄργια
639 3238 789 3305 λς”.λδωνιν
839 3245 981 3309 (Tellus).
1003 3245 1151 3313 Arrgustin.
1167 3247 1201 3297 de
1215 3247 1269 3300 eir.
1282 3245 1327 3298 dei
1339 3246 1400 3307 l'll,

227 3305 407 3363 ἐπιτελέουσιν
433 3310 484 3377 (cl.
506 3310 600 3361 Strub.
619 3310 694 3374 lll'l,
712 3316 737 3362 2.
761 3330 788 3378 p.
837 3316 880 3363 et.
910 3314 978 3365 Nune
1007 3322 1032 3365 et
1059 3314 1115 3381 ipre
1147 3316 1231 3366 l'uree
1262 3350 1287 3365 ..
1318 3332 1401 3365 einum

226 3382 287 3431 364.
306 3376 448 3438 Teuchn.)
467 3384 494 3431 et
512 3384 528 3430 9
545 3398 551 3429 =
570 3370 676 3447 Ἀνέβην
693 3374 723 3431 di
740 3376 789 3431 net
838 3380 914 3432 deum
940 3382 998 3432 vult
1025 3398 1080 3433 erse
1107 3382 1284 3433 Tellurem.
1324 3383 1401 3432 linn-

225 3443 253 3507 lc
274 3440 324 3499 τὸν
341 3443 495 3514 Λίβανον
517 3441 547 3498 ἐκ
565 3442 674 3515 Βύβλου
719 3442 788 3499 dddv
838 3448 906 3509 den,
930 3449 1026 3515 inquit,
1046 3450 1137 3500 dieunt
1156 3450 1292 3500 Matrem
1309 3465 1402 3517 enag-

224 3508 340 3633 p‘ps'pqe,
371 3508 532 3633 nvdsipsevoe
549 3508 653 3566 αὐτόθι
670 3482 788 3633 dppeiev
837 3532 924 3567 naen:
940 3518 1010 3583 quod
1027 3524 1181 3583 tympanum
1196 3518 1301 3581 hubent,
1312 3516 1402 3585 signi·

241 3578 341 3647 pdv’A
373 3580 436 3647 ped
455 3578 546 3649 τηςέ
562 3597 658 3648 gevae,
686 3599 702 3633 e
739 3584 789 3634 Ks—
830 3584 915 3651 ficari
935 3600 990 3635 erse
1011 3584 1095 3635 orbern
1118 3592 1205 3635 terrae
1227 3592 1280 3636 cet.
1315 3583 1401 3633 henr.

225 3641 434 3729 qdp'pceopeo,
452 3648 500 3701 eet
517 3648 592 3701 edos
609 3644 642 3701 ed
660 3644 788 3717 lpdvuul
839 3650 909 3717 bye.
933 3650 990 3711 lll,
1015 3654 1058 3701 64.
1083 3652 1095 3713 (
1117 3687 1124 3702 .
1143 3652 1201 3715 49.)
1229 3646 1342 3716 Λέγεται
1370 3646 1402 3701 δὲ

226 3717 345 3778 appulus
359 3730 403 3779 ην.
837 3715 884 3768 καλ
907 3714 1035 3784 Κυβέλη
1057 3712 1076 3767 ἆ
1137 3718 1187 3768 τοῦ
1204 3715 1319 3854 stefano&
1336 3710 1402 3783 σχή-

258 3787 365 3845 praeter
382 3778 461 3847 qued]
486 3780 578 3832 llunrl.
596 3782 722 3835 Tursell.
741 3782 787 3847 lV,
836 3800 924 3849 ματος
945 3780 1014 3835 κατὰ
1038 3783 1203 3851 γεωμετρίαν
1266 3784 1293 3834 Γ
1293 3801 1318 3853 η
1354 3784 1401 3836 Gl-

225 3848 322 3917 pblb.
338 3846 475 3897 uerniueru
493 3849 681 3914 antiquiorum
696 3852 787 3917 ecrip-
836 3850 970 3903 Μαιλίου.
989 3851 1054 3914 llll,
1073 3854 1090 3915 5
1110 3855 1169 3902 ste.
1193 3853 1290 3919 ibique
1308 3851 1401 3918 Kopp.

226 3920 317 3964 loruru
336 3911 377 3961 uit
394 3912 436 3963 sic
451 3913 567 3977 dixisse,
583 3918 631 3967 sed
651 3919 787 3969 recentis·
837 3918 995 3987 Boettiger.
1013 3918 1054 3969 ld.
1070 3918 1093 3982 l,
1129 3924 1206 3969 :218
1222 3936 1283 3984 sqq.

225 3978 432 4060 simueeetqtis
446 3980 583 4033 homines.
871 3986 989 4038 bonitus
1011 3936 1127 4053 uehiturh
1154 3984 1197 4037 Cl.
1224 3984 1336 4037 Lueret.
1360 3985 1402 4049 ll,

259 4052 285 4098 6.
323 4046 439 4113 Aprilem
458 4064 570 4103 mensem
594 4050 688 4107 Veneri
711 4050 787 4103 dieu·
837 4056 977 4120 600sqqm
993 4054 1182 4105 Huneeeteres
1201 4054 1312 4105 Gessium
1330 4054 1404 4105 docti

224 4114 330 4183 verunt]
348 4114 393 4165 (λλ.
411 4132 435 4167 e.
457 4117 493 4165 12.
513 4116 525 4181 p
544 4120 634 4185 Bsqq.
654 4116 786 4170 Ceouzer.
837 4122 952 4173 cecinere
967 4130 1062 4187 postue
1081 4122 1195 4172 Sedibus
1212 4124 1240 4172 in
1263 4139 1341 4173 curru
1360 4122 1403 4173 hi-

224 4183 269 4243 Ν,
288 4200 315 4249 p.
333 4186 393 4233 762.
836 4188 916 4255 iuges
932 4190 1040 4256 agitare
1057 4189 1185 4241 leones:
1205 4190 1281 4240 Aeris
1293 4188 1320 4239 in
1336 4205 1403 4253 epe-

256 4258 282 4301 7.
317 4252 386 4303 circu
414 4249 525 4301 Matrem
555 4249 637 4303 Deum
663 4259 688 4307 et
714 4253 785 4309 Atti·
835 4254 873 4305 tio
894 4272 1022 4324 maguum
1044 4258 1159 4323 peredere
1180 4258 1301 4308 docentes
1328 4255 1398 4308 'l'cl-

222 4317 785 4450 ii'll.⁰l›i¹dli³iii¹¹27,⁵s¹⁹ib⁸⁰¹¹¹¹⁹³‘
834 4321 1204 4457 ltttl²lttt‘.t.⁰:tt';
1218 4332 1293 4457 ‘tlt
1307 4324 1404 4461 {lif-3⁶

316 4420 324 4437 ·
438 4421 446 4438 ·
506 4424 514 4452 s
597 4422 632 4447 ¹-
673 4422 681 4443 ⁰
936 4425 943 4439 ·
1206 4429 1213 4456 r
1388 4418 1403 4429 “
