3042 4900
210 34 276 99 242
687 20 899 89 MACROBII

211 199 254 265 ris
274 196 336 263 cari
358 194 416 261 sibi
439 214 501 257 non
521 197 646 274 rogatus
668 190 823 257 exciverat
852 193 1014 253 numerato
1087 184 1233 268 adragies
1273 187 1318 248 at
1340 184 1394 249 illc

163 292 269 371 24pro
288 281 451 367 gratiarum
469 276 589 341 actione
610 275 670 339 hoc
689 275 788 339 solum
809 272 836 336 ei
859 272 993 356 scripsit:
1020 272 1102 337 deici
1118 271 1204 335 arisit.
1263 269 1393 335 Solebat

213 367 349 436 licinius
377 365 503 428 libertus
532 361 598 425 eius
623 358 778 424 inchoanti
805 377 900 442 opera
929 365 1060 441 patrono
1088 375 1214 439 magnas
1243 355 1393 438 pecunias

215 452 365 518 conferre:
398 468 489 533 quem
510 466 625 509 morem
649 453 774 509 secutus
797 452 920 507 centum
943 440 1084 527 promisit
1111 460 1166 524 per
1194 439 1329 505 libellum
1359 439 1393 503 in

215 558 278 687 quo
298 535 430 619 virgulae
452 531 652 617 superductae
675 550 744 615 pars
768 528 848 593 ultra
874 526 1022 612 pecuniae
1045 523 1244 590 deiectionem
1267 534 1392 609 proten-

239 623 347 686 ebatur
367 628 494 685 vacante
517 615 592 679 inira
613 616 691 679 loco.
736 613 849 679 Caesar
868 612 1030 677 occasione
1051 631 1127 674 usus
1148 610 1241 695 priori
1260 609 1392 675 alterum

219 706 333 771 centies
355 725 410 768 sua
435 722 528 765 manu
546 699 645 765 iunxit
670 697 769 784 spatio
793 698 953 781 diligenter
976 696 1097 782 expleto
1117 706 1149 759 et
1171 696 1318 760 adfectata
1342 695 1393 759 lit-

168 802 320 881 {etqterae
348 787 558 853 similitudine:
591 783 837 869 geminatamquc
863 782 981 879 accepit
1005 802 1155 847 summam
1183 780 1394 846 dissimulante

219 878 338 952 liberto,
383 874 414 937 ui
435 879 540 958 postea
560 876 669 954 coopto
692 868 751 933 alio
772 888 866 952 opere
887 868 995 933 leniter
1017 866 1131 931 iactum
1154 886 1244 931 suum
1267 865 1393 931 Caesari

220 961 333 1025 obiecit
355 895 456 1023 lilrello
477 955 530 1021 tali
553 955 641 1019 dato:
673 955 797 1038 Consera
818 954 888 1029 tili,
910 954 1043 1043 marne,
1064 952 1105 1017 ad
1123 954 1197 1048 noui
1215 955 1314 1037 aperus
1335 954 1394 1016 an-

169 1047 343 1135 tepescam
371 1042 449 1129 quod
472 1041 628 1108 uidebitur.
677 1037 757 1105 Mira
782 1037 873 1103 etiam
903 1036 1037 1102 censoris
1059 1042 1189 1119 Augusta
1212 1047 1243 1099 et
1269 1036 1394 1100 laudata

220 1128 375 1217 patientia.
420 1125 649 1209 Corripiehatur
682 1143 777 1207 eques
801 1124 1015 1189 Romanusa
1050 1120 1202 1206 principe,
1234 1127 1392 1205 tamquam

220 1214 380 1278 minuisset
401 1210 556 1285 facultates
574 1228 654 1273 suas.
696 1213 740 1271 At
759 1206 810 1271 illc
827 1228 860 1271 se
875 1207 1101 1292 'multiplicasse
1119 1226 1221 1270 coram
1242 1205 1392 1290 probavit.

220 1298 295 1363 Mox
321 1296 420 1361 eidem
448 1294 559 1359 obiecit
574 1290 671 1377 quod
698 1290 734 1357 ad
757 1289 998 1357 conuehendum
1023 1290 1250 1357 matrimonium
1273 1289 1393 1374 legilsus

221 1382 284 1445 non
311 1381 471 1477 paruisset.
514 1378 568 1442 Ille
586 1397 718 1449 uxorem,
739 1375 796 1440 sibi
818 1385 850 1441 et
875 1384 937 1440 tres
959 1396 1025 1440 esse
1048 1375 1160 1440 liberos
1182 1374 1267 1439 dixit.
1311 1376 1392 1450 Tum

223 1465 347 1529 adiecit:
369 1465 503 1539 Posthac,
528 1462 645 1537 Caesar,
668 1464 734 1525 cum
752 1462 789 1525 dc
807 1461 936 1526 donatas
956 1460 1124 1525 homenibus
1141 1460 1281 1546 capnias,
1301 1460 1393 1524 ioue·

171 1550 275 1616 adem
296 1550 446 1621 mandata.
496 1546 599 1612 Etiam
623 1543 732 1610 militis·
748 1566 811 1608 non
832 1544 1003 1609 libertatem
1027 1552 1146 1609 tantum
1169 1544 1222 1607 sed
1244 1552 1276 1607 et
1296 1552 1393 1627 teme-

222 1635 343 1699 ritatem
364 1633 443 1696 tulit.
485 1632 523 1695 In
548 1630 679 1715 quadam
699 1629 775 1694 ⁴villa
803 1629 955 1713 inquietas
976 1636 1081 1693 noctes
1102 1628 1210 1711 a'geli‘at
1232 1636 1394 1713 rumpente

224 1737 366 1795 somnum
384 1716 450 1779 eius
468 1715 574 1779 crebro
595 1722 726 1779 noctuae
745 1720 846 1777 cantu.
876 1713 1086 1779 Pmndendam
1105 1712 1222 1777 curavit
1239 1722 1394 1778 noctuam.

222 1802 313 1865 Miles
340 1798 461 1884 aucupii
488 1799 602 1884 peritus
630 1806 661 1864 et
686 1817 740 1883 spe
768 1798 898 1881 ingentis
945 1796 1051 1863 reemii
1079 1796 1211 1882 pertulit.
1253 1797 1393 1863 Laudato

223 1886 389 1970 imperator
414 1884 495 1947 mille
517 1904 659 1953 nummos
683 1882 748 1949 dari
774 1880 870 1947 iussit.
911 1820 967 1947 llle
988 1902 1081 1947 ausus
1100 1890 1147 1945 est
1171 1881 1285 1946 dicere:
1310 1883 1393 1948 Malo

223 1972 318 2047 vivat,
350 1988 498 2053 avemque
522 1968 645 2032 dimisit
691 1966 770 2047 Quis
797 1988 859 2031 non
880 1967 1008 2031 miratus
1028 1975 1156 2031 estnon
1178 1968 1295 2033 offenso
1316 1967 1392 2033 Cae·

172 2058 214 2122 at
224 2074 290 2131 sare
308 2052 407 2117 abisse
428 2048 552 2117 militem
578 2053 811 2117 contumacem?
859 2050 1044 2130 Veter'anus,
1065 2072 1136 2115 cum
1159 2050 1209 2115 die
1230 2051 1393 2116 sihi¹dicto

223 2138 457 2223 periclitaretur,
480 2136 607 2202 accessit
627 2136 659 2199 in
682 2136 866 2222 publicoad
887 2136 1065 2213 Caesarem,
1082 2135 1261 2220 rogavitque
1277 2144 1313 2199 ut
1335 2137 1394 2209 sibi

223 2222 352 2287 adesset.
403 2221 458 2286 Ille
487 2220 668 2296 advocatum
701 2240 792 2305 quem
825 2241 862 2283 er
894 2220 1042 2285 comitatu
1076 2240 1132 2284 suo
1159 2217 1296 2306 elegerat
1329 2221 1396 2286 sine

224 2326 310 2371 mora
337 2304 436 2384 dedit,
471 2304 756 2389 commendavitque
779 2304 808 2368 ei
835 2304 1027 2387 litigatorem.
1070 2305 1259 2371 Exclamavit
1278 2304 1394 2389 ingenti

292 2491 372 2557 [Mas.
390 2489 508 2542 ABGPS
527 2491 563 2556 (l'
583 2488 648 2542 inde
664 2505 681 2541 a
698 2489 711 2554 5
729 2493 797 2550 es).

219 2577 367 2638 fenestram
382 2589 441 2638 v-g.
544 2575 586 2623 2³.
609 2575 707 2624 scribit
721 2590 777 2624 s-n.
811 2574 956 2642 rescripsit
968 2571 1042 2638 „B‘t
1142 2574 1185 2624 et.
1207 2571 1333 2640 pecuniae
1347 2571 1393 2639 (iu

223 2657 281 2708 mg.
299 2641 403 2721 cqpiqs)
423 2639 451 2690 S.
474 2667 507 2676 -
531 2641 605 2721 ultra
618 2657 676 2707 pec.
691 2641 733 2691 ad
752 2641 923 2720 defectionem
942 2641 971 2693 S.
993 2666 1024 2679 -
1050 2640 1145 2692 lacurn
1163 2647 1237 2724 (sup.
1256 2644 1285 2698 a)
1303 2638 1332 2720 S.
1358 2667 1392 2679 -

222 2705 753 2840 ld-rbodlm-rladiecit-dg‘lllwldllli'lgdl'dfi.
788 2707 1394 2826 iddiddilalisllrl'lldtflp2lilr’e2rodlllrc:{illd

226 2840 259 2892 G.
292 2849 344 2893 tres
359 2841 454 2891 literas
470 2841 573 2899 eeselr-
596 2869 650 2890 .—
673 2843 753 2891 'l'unc
771 2839 841 2890 Edu.
859 2840 890 2892 Ρ.
913 2866 948 2877 -
970 2838 1170 2907 pastlaecAS.
1202 2841 1342 2908 portiana
1359 2841 1392 2890 P.

326 2909 369 2956 26.
401 2857 602 2958 understand
632 2936 664 2947 -
692 2908 723 2957 ln
742 2908 858 2974 quadam
874 2907 941 2957 ailla
960 2941 983 2955 ..
1000 2905 1187 2971 contumacem]
1212 2908 1256 2958 Cf.
1275 2907 1315 2958 lo.
1333 2905 1394 2958 Sar.

225 2972 245 3022 l.
262 2988 285 3022 a.
303 2999 335 3010 -
360 2974 495 3038 inquietes
512 2973 535 3024 B
552 2975 592 3035 (G
609 2990 625 3025 a
643 2992 670 3042 p.
693 2976 744 3038 m.)
765 2973 794 3023 l'.
812 2999 846 3010 ·-
865 2972 1093 3040 prehendendam
1111 2971 1140 3020 S.
1165 2997 1198 3011 -
1223 2991 1293 3024 eam
1310 2989 1394 3040 rpeg

224 3039 254 3090 in
271 3053 327 3104 mg.
355 3065 381 3076 -
410 3055 470 3091 mae
488 3041 549 3090 dari
564 3043 640 3093 iussit
661 3043 809 3092 millenum
827 3038 979 3106 (asrp.add.
996 3039 1076 3096 mae.)
1093 3036 1128 3086 G.
1148 3061 1181 3074 ·-
1206 3039 1284 3090 Mate
1301 3039 1333 3090 Α.
1360 3067 1393 3078 -

224 3105 363 3171 inoffenso
377 3104 405 3156 S.
425 3131 455 3144 -
474 3107 580 3159 abiisse
598 3109 701 3174 v-ng.
803 3109 846 3156 27.
878 3107 1022 3156 t'eteraaus
1039 3101 1193 3168 ...aiderss
1212 3102 1255 3155 Gi.
1272 3105 1312 3159 la.
1332 3105 1394 3160 Sar.

257 3279 299 3327 23.
335 3277 509 3346 quadragies]
533 3277 551 3326 i.
572 3295 594 3328 c.
620 3279 785 3348 quadragies
835 3276 970 3329 indicare·
1006 3275 1076 3328 Nam
1103 3291 1136 3328 ea
1160 3277 1204 3329 sie
1224 3293 1281 3343 qna
1303 3277 1395 3346 signi—

223 3343 355 3407 sestcrtio,
385 3345 430 3394 val
457 3344 627 3408 quadragies
658 3346 784 3397 centenis
834 3343 901 3395 ficat
919 3344 1015 3396 centies
1032 3353 1140 3394 centena
1162 3346 1323 3396 militarent.
1342 3347 1391 3395 ad-

225 3409 342 3460 milibus
356 3427 508 3460 nummum.
526 3409 587 3459 Vid.
599 3416 655 3461 not.
669 3412 703 3461 ad
715 3414 727 3476 5
741 3417 782 3462 lt.
835 3411 910 3462 mitti
923 3429 974 3462 nan
988 3418 1089 3476 potest,
1103 3409 1169 3475 quie
1185 3427 1269 3476 supra
1286 3411 1392 3462 dietum

262 3477 330 3527 Mitti
345 3478 423 3543 niliil]
440 3475 483 3526 Cl.
502 3475 567 3526 Scn·
585 3478 618 3528 de
636 3479 726 3528 benet.
746 3479 784 3542 ll,
834 3485 878 3529 eet
897 3487 999 3529 eentum
1016 3479 1147 3545 promisit,
1166 3495 1218 3529 uon
1236 3480 1338 3529 centies.

225 3547 251 3603 t,
270 3547 292 3592 t.
312 3543 367 3594 Hoc
385 3561 436 3593 raon
454 3549 493 3594 cst
509 3543 617 3610 donare,
636 3545 682 3596 sed
699 3545 784 3596 credi-

224 3615 294 3658 taras
311 3623 461 3659 conuocare.

258 3676 302 3748 ²⁴:
340 3676 457 3725 Licinius
474 3674 582 3726 libertus
594 3677 662 3744 eius]
682 3675 712 3727 Si
728 3675 785 3727 du-

225 3745 303 3801 gustr
321 3736 375 3788 init
397 3740 528 3800 tibertus,
546 3745 691 3806 quaeritur
711 3744 784 3794 unde

225 3817 325 3852 namen
345 3804 372 3854 ci
393 3804 479 3856 luerit
498 3808 619 3859 Licinia?
753 3861 773 3871 ,

260 3874 361 3918 curtum
379 3873 509 3939 promisit]
539 3873 782 3937 Sermaceles).

226 3935 245 3984 i.
264 3951 287 3982 e.
305 3943 414 3986 ceratum
431 3939 570 3990 sestertia.
589 3939 631 3991 ct.
646 3939 783 4008 Kraeger.

226 4001 351 4051 Gramen.
371 4001 384 4067 ᾗ
403 4007 463 4067 739,
482 4009 506 4054 6.

259 4069 333 4118 ultra
357 4071 485 4134 pecuniae
510 4071 691 4138 defectionem]
715 4070 734 4121 i.
758 4087 784 4122 e.

225 4135 301 4185 ultm
335 4151 481 4188 ursmarum
513 4138 660 4204 pecuniam
692 4136 783 4204 signi-

226 4202 366 4252 ficuntem.

260 4269 372 4320 alterurn
401 4270 506 4338 centies]
540 4271 642 4322 Centies
670 4268 783 4320 ridetur

226 4332 280 4384 hoc
308 4335 370 4388 loco
397 4337 587 4390 tantummode
617 4336 730 4404 signum
758 4337 781 4389 c

867 3548 909 3594 25.
945 3544 1061 3596 honestis
1086 3544 1225 3612 mandata]
1251 3545 1270 3595 i.
1294 3561 1319 3594 e·
1343 3543 1392 3609 qui

835 3626 888 3661 aon
908 3611 1124 3662 calumniantur.

867 3679 910 3726 26.
946 3679 1055 3744 aucupii
1071 3679 1172 3744 peritus
1192 3683 1216 3726 et
1234 3691 1279 3740 spe
1295 3677 1392 3744 ingen-

834 3743 869 3793 tia
889 3744 1014 3808 praemis]
1044 3746 1088 3795 Gt.
1108 3746 1125 3806 S
1145 3746 1184 3794 1³.
1208 3749 1268 3809 post
1286 3745 1392 3809 epulum

833 3809 911 3875 inops
932 3825 964 3859 ac
985 3812 1042 3860 sine
1064 3811 1121 3861 ulla
1145 3818 1289 3875 apparatu.
1320 3809 1392 3872 Sup-

834 3875 966 3940 plendum
991 3882 1035 3927 eat
1059 3877 1204 3928 concitatus
1227 3876 1271 3925 vel
1298 3875 1393 3926 simila

833 3940 1021 4007 participium.
1071 3942 1126 3994 Sed
1160 3941 1256 3992 malim
1293 3942 1393 3992 abesse

853 4008 1003 4059 articulum
1039 4017 1078 4073 et,
1112 4024 1195 4074 quam
1227 4006 1323 4059 omisit
1352 4008 1391 4059 Io.

833 4024 1058 4126 lacesserunt·
1082 4075 1138 4136 111,
1162 4078 1199 4124 14.
1234 4073 1311 4124 idem
1329 4091 1393 4124 vcr-

833 4140 897 4190 bum
915 4142 1026 4208 pertulit
1048 4141 1091 4192 sic
1116 4142 1318 4204 interpretatus
1335 4147 1392 4190 eet:

833 4215 939 4323 mallim
953 4209 1018 4324 qqgrt
1030 4211 1081 4326 dit
1090 4211 1391 4336 quqqppnbimdum

833 4344 905 4391 erute
933 4340 1013 4391 dieta.
