3042 4900
230 28 293 94 320
713 31 923 99 Macuouu

224 193 330 258 ludum
349 191 536 256 sudatoriam
557 195 636 260 enter
655 196 795 261 cinaedos
814 199 945 281 osiprircs
963 201 1112 285 puerique
1134 202 1266 286 sirpenui.
1312 201 1395 267 Haec

222 301 292 344 cuns
315 278 394 342 milti
419 279 576 364 qas'sqrsam
600 281 759 356 narrabat,
791 303 853 346 nou
874 294 1011 366 poteram
1038 287 1171 348 ascensum
1200 285 1342 350 s'ssdueere
1360 309 1395 350 ea

224 366 332 430 liberos
352 386 421 428 suos
442 362 574 427 domines
591 367 703 430 nobiles
722 367 844 430 docere:
874 368 926 430 sed
945 389 1010 430 cum
1031 370 1136 433 ductus
1155 392 1220 434 suns
1240 373 1274 434 irs
1290 371 1395 434 ludum

224 453 421 524 saltuarium,
436 449 508 533 plue
527 450 642 514 nemius
654 451 747 535 fidius
768 452 801 512 s'n
820 473 852 514 eo
873 450 943 514 lado
965 453 1031 515 oids'
1067 456 1149 518 uersis
1171 456 1395 541 virpint'dusque

175 537 477 624 pnsquainpuapinta,
512 535 546 597 in
569 535 615 598 lu's
637 557 731 598 smum
750 534 845 618 (quod
863 557 908 599 rue
930 477 1111 621 repulsione
1130 542 1260 604 montom
1277 541 1393 605 nss'seri·

224 635 286 686 tarn
307 625 361 701 est)
383 639 514 702 panum
533 620 682 694 bullatum,
695 621 829 705 petitoris
843 620 941 704 filium
962 643 1024 686 non
1045 625 1189 688 minorem
1210 627 1298 688 anuis
1318 625 1392 688 duo·

225 706 331 778 denus,
369 725 436 768 cuns
459 706 578 770 crotalis
604 706 712 769 saltare
739 725 829 800 quam
857 706 1041 770 saltationem
1068 709 1230 796 inpudicus
1259 709 1393 773 enardus

196 785 341 858 dionesie
358 788 467 854 sedare
487 812 549 853 non
563 801 669 875 posset
714 788 807 854 Vides
828 790 1087 874 quemadmodum
1112 793 1292 878 ingemuerit
1313 791 1394 858 Airi-

226 898 330 952 eanus,
349 873 432 958 quod
455 874 578 938 vidisset
596 895 667 938 cum
688 875 811 939 crotalis
830 875 988 941 saltantem
1009 878 1104 942 silium
1130 879 1276 976 petitoris,
1297 878 1327 943 id
1349 885 1396 942 est

226 960 393 1037 candidati,
427 979 517 1043 quem
548 979 586 1022 ne
610 967 676 1024 tum
699 960 823 1045 quidem
849 981 918 1047 spes
940 971 971 1026 et
991 964 1069 1028 ratio
1091 963 1277 1050 admiscendi
1301 983 1348 1027 ma
1371 961 1393 1025 i-

225 1055 353 1122 stratus,
386 1065 448 1129 quo
474 1052 612 1128 tempore
638 1066 671 1111 se
696 1065 832 1131 suosque
856 1047 894 1110 ab
921 1048 1004 1112 omni
1032 1050 1145 1134 probro
1171 1048 1276 1114 debuit
1297 984 1393 1113 vindi-

225 1152 304 1210 care,
323 1129 457 1217 potuerit
474 1149 623 1208 coercere,
646 1151 708 1217 quo
733 1132 834 1196 minus
854 1130 964 1197 iaceret
985 1134 1068 1219 quod
1090 1135 1205 1200 seilicet
1222 1142 1312 1219 turpe
1333 1154 1394 1197 non

225 1218 402 1284 habebatur.
440 1215 583 1281 Ceterum
607 1217 748 1304 superius
775 1218 952 1315 pleramque
976 1219 1164 1285 nobilitatem
1186 1220 1262 1286 haee
1282 1239 1394 1305 propu-

196 1305 275 1371 edis
301 1302 453 1368 celebrare
482 1311 670 1387 conquestus
692 1311 747 1368 est.
808 1302 857 1368 Sic
882 1303 1024 1370 nimirum
1055 1305 1097 1370 Μ.
1122 1305 1199 1374 Cato
1226 1313 1393 1370 senatorem

292 1493 374 1561 [uss.
392 1490 519 1544 sucus.

223 1575 309 1648 probo
327 1577 385 1628 BG.
407 1605 437 1614 -
463 1578 584 1644 quisquc
602 1576 678 1644 (sup.
700 1576 758 1640 aas)
776 1576 806 1627 Α.
842 1578 984 1645 quispiam
1008 1577 1151 1630 desiderat
1168 1579 1307 1646 dispersis.
1334 1576 1394 1628 i'id.

225 1656 281 1698 not.
307 1675 336 1684 -
358 1645 486 1697 narrabit
505 1650 579 1710 (sup.
598 1650 629 1703 a)
648 1646 679 1695 Α.
705 1671 739 1681 -
763 1645 862 1696 nobiles
879 1645 996 1697 liomr'nes
1015 1663 1075 1714 ug.
1098 1673 1132 1684 —
1161 1646 1308 1714 uirginibus
1326 1652 1395 1705 (om.

244 1715 289 1778 ac)
315 1715 368 1764 dli.
392 1742 426 1751 -
454 1714 651 1781 qninquaginta
676 1711 758 1762 (itta.
798 1714 961 1781 quingenta
986 1712 1155 1763 de‘biitii.
1190 1715 1351 1781 quingentis
1374 1711 1393 1762 S

224 1734 293 1832 lidd.
307 1781 338 1832 P.
365 1782 495 1846 bicyerus
520 1783 539 1830 i.
564 1799 586 1830 c.
621 1779 859 1844 „Sulisberiensis
892 1780 940 1830 lib.
970 1780 1040 1830 t'ttl.
1075 1797 1134 1847 cup.
1167 1784 1206 1830 12.
1238 1782 1394 1831 ducentis.“

225 1851 329 1900 Marses.
347 1866 450 1916 -quo
468 1867 508 1898 mc
521 1866 580 1910 s-g.
599 1848 753 1912 „iiclios.“
772 1847 876 1898 Meurs.
893 1873 925 1885 -
939 1850 1053 1899 maxime
1071 1865 1125 1898 nsit.
1141 1847 1188 1898 Se.
1203 1877 1235 1885 -
1250 1849 1395 1899 miseritum

225 1917 337 1969 sustu.
372 1919 509 1968 misertum
529 1915 707 1967 EddGPSV.
811 1920 835 1966 8.
868 1916 1008 1984 ingemuit
1028 1933 1053 1966 v.
1081 1944 1113 1952 -
1142 1917 1308 1984 adipiscendi
1324 1917 1395 1969 ratio

222 1987 337 2054 patuerit
356 1987 406 2048 (sd
422 1991 567 2052 potuerat)
586 2000 701 2034 coercere
718 1983 896 2051 magistratus
915 2000 965 2050 qua
984 2021 1008 2034 ..
1027 1985 1114 2035 debuit
1133 1986 1283 2035 vindicares
1301 2001 1351 2050 quo
1369 2001 1394 2036 v.

225 2083 258 2092 -
275 2053 359 2120 probe
375 2054 405 2104 d.
430 2079 454 2090 -
474 2054 569 2118 potuit
588 2050 641 2117 ὶ-ς.
667 2079 693 2086 -
715 2057 856 2117 tempore
873 2069 925 2101 non
942 2051 1087 2102 leniebatur
1103 2056 1144 2102 rt.
1162 2081 1191 2090 -
1214 2055 1340 2102 Ceteram
1358 2053 1393 2103 G.

224 2149 256 2159 ·-
284 2117 852 2187 plerumuediiGi'ituplacr.)irb112it.
891 2120 1046 2186 pieranquc
1067 2119 1133 2186 Sug.
1171 2120 1339 2186 plerumque
1362 2125 1394 2179 (v

222 2189 321 2256 pluer.)
336 2138 415 2240 s-bd.
436 2215 464 2225 -
485 2187 549 2236 ltnec
563 2203 612 2254 pro
626 2187 789 2252 pudicitia
807 2185 834 2236 S.
921 2189 947 2233 ii.
965 2191 989 2236 ii.
1016 2195 1223 2254 conquestsrsost
1244 2189 1319 2238 Cato.
1349 2187 1394 2239 stc

223 2257 346 2306 nimirum
366 2256 394 2306 Μ
419 2263 564 2306 curatorem
578 2258 609 2303 si
629 2256 678 2318 (vd
694 2255 770 2305 iude
787 2259 946 2314 senatorem)
974 2281 1000 2291 -
1032 2255 1069 2304 Μ.
1086 2263 1230 2306 senatorem
1249 2258 1317 2319 (nus.
1340 2256 1392 2306 ca-

224 2328 264 2384 ta)
285 2323 404 2374 BGt'nts
422 2323 449 2372 in
467 2339 521 2388 sug.
540 2338 628 2372 arec.
647 2323 761 2374 snssdd·
779 2322 867 2384 Cato).
897 2329 1136 2372 mensurantem
1157 2321 1199 2371 ΜΙ
1220 2337 1235 2372 n
1253 2340 1277 2389 p.
1297 2339 1333 2372 m.
1366 2323 1394 2373 in

224 2400 369 2443 senatorem
388 2391 501 2451 midi!
524 2405 612 2439 usec.
629 2393 690 2448 nu).
727 2391 788 2454 ,,Μ.
811 2388 941 2440 Caelium
960 2390 1024 2457 ingo
1045 2405 1077 2438 ex
1096 2389 1208 2459 Agnitio
1228 2390 1276 2440 iib.
1292 2390 1314 2439 1.
1332 2405 1392 2456 esp.

226 2466 266 2513 lb.
289 2469 317 2511 et
333 2458 417 2511 Festo
441 2458 467 2509 in
489 2459 667 2525 spatiatorem
689 2465 717 2510 ct
736 2457 855 2509 Asconio
875 2456 909 2509 ad
930 2456 1120 2509 Milonienum.
1155 2458 1233 2525 Apud
1259 2459 1392 2510 loannem

225 2637 303 2688 llaec
327 2640 457 2700 poterant
479 2635 578 2686 baberi
599 2652 648 2701 pro
673 2634 784 2687 obiecto
836 2640 892 2687 iaris
912 2651 956 2686 rus
975 2635 1037 2702 ipsa
1054 2636 1229 2688 corrunendat
1247 2652 1328 2703 quum
1347 2652 1394 2688 cn·

224 2705 415 2757 aritecedentis
433 2704 510 2753 ses-bt
530 2710 651 2754 cantare:
677 2706 726 2755 sed
748 2705 782 2755 ud
835 2704 927 2755 dieusn
950 2704 1115 2770 scripturae.

224 2772 348 2823 corndii
378 2771 494 2837 Nepotis
523 2771 725 2838 praelationem
758 2772 784 2825 si
867 2787 979 2837 puerum
998 2771 1137 2839 bullatum]
1157 2770 1200 2822 cf.
1220 2771 1241 2832 i,
1259 2776 1285 2834 6,
1305 2775 1345 2821 10.

225 2850 393 2908 spectamus,
406 2856 456 2904 pro
469 2840 643 2906 suppositione
655 2839 784 2891 habenda
869 2856 946 2905 quam
969 2840 1138 2892 saltationem
1161 2876 1186 2891 ..
1211 2840 1316 2891 dionesie
1338 2840 1393 2892 sel-

224 2916 297 2971 sunt,
318 2916 349 2958 nt
366 2924 399 2958 eu
417 2924 488 2973 quun
507 2908 673 2959 usstecedunt
691 2908 785 2959 omnia
834 2910 892 2957 ture
913 2924 964 2957 nau
982 2906 1077 2973 possit]
1097 2908 1200 2959 Eadem
1220 2923 1290 2972 qnae
1302 2909 1393 3025 passio

224 2975 414 3028 amatoribus
431 2977 532 3041 probro
554 2977 637 3027 ducta
659 2992 721 3027 esse
742 2976 783 3028 si·
834 2988 918 3038 snpra
936 2974 983 3023 iric
1002 2973 1091 3025 oritur
1108 2974 1248 3039 quaestio,
1268 2992 1298 3025 sc
1336 2976 1394 3029 siin

225 3046 352 3097 deantur.
835 3040 951 3106 ratione,
965 3040 1073 3105 opinor,
1086 3042 1228 3094 soluenda.
1252 3042 1320 3095 Nasu
1335 3062 1393 3097 cum

259 3111 409 3179 quisquam]
434 3110 564 3177 bleyerns
586 3110 606 3161 l.
625 3127 648 3160 c.
666 3110 782 3161 adnota-
833 3109 941 3159 crotalis
958 3107 1059 3159 saltare
1077 3125 1129 3159 non
1149 3109 1261 3160 omniuo
1279 3112 1394 3163 dedecet

224 3177 784 3312 ilii-’'i'{'.'iu''.1.⁰”.¹.'.{¹.¹di³.⁸..”ibiibi
834 3171 1395 3299 ittttt'tt'ditttbtttttttttttt

225 3290 366 3367 M‘isnutius
383 3315 496 3364 second
517 3312 574 3363 Cic.
594 3312 644 3379 Ep.
664 3313 699 3363 nd
716 3313 784 3363 lum.
835 3326 911 3375 qaam
933 3312 1100 3363 saltationem
1128 3312 1232 3363 dictum
1261 3286 1392 3365 esse’vi-

225 3384 299 3446 t’ttt,
311 3388 334 3434 8.
356 3382 382 3433 in
402 3382 437 3431 Μ.
455 3382 551 3431 Coctia
571 3381 644 3431 Rulo
658 3380 783 3431 similem
836 3378 934 3428 dcatnr
956 3395 1007 3444 pro
1034 3396 1089 3431 eam
1114 3381 1282 3432 saltationem
1304 3398 1391 3447 quam.

225 3450 397 3518 pronominis
421 3466 499 3499 nssrm
518 3465 551 3499 eo
571 3463 706 3499 excusare
725 3453 785 3498 stn-
834 3444 877 3495 Ci.
895 3444 952 3497 Cic.
972 3446 1049 3497 Brut.
1068 3450 1110 3497 62.
1131 3448 1220 3513 5225.
1238 3456 1268 3499 ut
1285 3448 1392 3499 saita-

224 3522 285 3583 det,
315 3518 387 3585 quod
411 3527 520 3568 veteres
542 3516 583 3567 ita
608 3516 694 3566 incuti
718 3515 784 3565 sint.
835 3513 880 3565 tie
903 3515 1033 3581 quaedum
1051 3524 1217 3578 nasceretur,
1246 3516 1299 3566 cai
1324 3516 1394 3566 sal·

224 3588 410 3639 Vidsstat
438 3602 470 3634 or
505 3586 539 3634 dc
559 3584 650 3634 uuor.
671 3601 696 3649 p.
716 3584 783 3632 ⁶¹³⁶
835 3582 1393 3635 tatianiTitiusuamenesset.Noctua

223 3682 258 3694 -
292 3656 369 3704 ilaec
400 3654 563 3718 pronomina
599 3668 667 3703 sane
699 3666 784 3716 saepe
835 3654 927 3699 moret
950 3650 1021 3714 qnod
1044 3651 1118 3701 inira
1137 3648 1265 3715 sequitur
1285 3658 1391 3702 tuntum

223 3722 437 3772 criniunduntur.
461 3722 510 3772 i'id
541 3721 627 3771 Heus·
648 3726 704 3770 unt.
723 3724 783 3770 360.
834 3718 904 3782 quod
929 3718 1037 3769 vidisset
1062 3736 1128 3770 eam
1155 3719 1300 3770 erotais's
1327 3721 1391 3770 sal-

224 3790 259 3839 ud
270 3787 378 3852 Reisig.
396 3791 444 3837 int.
455 3788 641 3853 Sprsscbuiss.
665 3788 726 3855 Ego
740 3788 785 3836 in·
835 3792 962 3836 tantem
972 3786 1064 3850 filium
1079 3787 1207 3850 petituris.

225 3857 300 3906 vitus
326 3863 439 3905 secutus
465 3873 526 3906 sum
548 3856 672 3906 codicem
694 3853 783 3905 vesti·
868 3856 893 3901 8.
929 3870 979 3917 quo
1002 3861 1116 3920 tempore
1197 3853 1285 3905 debuit
1302 3853 1393 3905 niudi-

225 3924 281 3991 giu.
835 3919 907 3984 care]
936 3918 977 3969 Gi.
1006 3920 1064 3971 Cic.
1091 3938 1118 3986 p.
1146 3919 1206 3971 Mil.
1237 3924 1275 3973 16.
1304 3924 1320 3984 S
1348 3924 1391 3971 4².

257 3992 319 4059 plus
340 4028 363 4040 ..
387 3990 444 4041 virli
469 3990 559 4054 pueris
585 3988 785 4055 virginibusque
839 3988 903 4037 Cam
921 3986 1027 4037 horroris
1044 3988 1202 4055 amplissimi
1220 3990 1349 4040 contentio
1368 3996 1392 4039 et

225 4058 541 4127 quinqsruginta1011em
564 4054 682 4106 ssli'eudit
703 4058 782 4105 abta·
835 4053 891 4103 dics
909 4056 1070 4106 comitiorum
1091 4056 1220 4119 erubescet,
1249 4073 1311 4123 qua
1333 4055 1393 4121 qui·

226 4128 299 4178 tirus
318 4143 434 4191 sequens
459 4124 650 4175 necsrsatirnm
670 4121 783 4183 obiecti,
833 4121 892 4171 dens
909 4129 1056 4187 tempore
1075 4160 1098 4174 ..
1118 4124 1221 4183 omnin,
1246 4140 1297 4173 nors
1315 4122 1392 4173 mado

224 4196 248 4248 is
267 4195 395 4245 conterat
412 4192 470 4242 Cic.
490 4191 517 4242 in
536 4194 614 4241 Vere
638 4189 688 4249 111,
707 4191 782 4252 lits
834 4204 901 4254 qaae
932 4190 1088 4254 reprebendi
1116 4191 1207 4257 palam
1237 4191 1283 4240 sed
1312 4190 1392 4240 etiam

225 4266 283 4314 itt.
303 4264 335 4313 Si
351 4263 458 4314 ostendo
475 4262 581 4311 minus
599 4258 704 4309 tribus
722 4274 782 4308 use-
833 4272 900 4322 quae
917 4257 1022 4309 obscure
1039 4259 1155 4327 eogitari
1168 4262 1293 4325 possunt,
1317 4258 1392 4309 time-

223 4332 241 4381 d
247 4332 324 4381 imni
329 4348 341 4381 s
356 4332 384 4381 irs
399 4332 522 4398 iugerum
536 4328 664 4378 nemiuem
679 4326 783 4377 dedisse
833 4342 890 4377 usus
909 4331 962 4375 cut.

224 4398 356 4452 decumae.
395 4396 547 4449 Nasucrum
575 4412 658 4461 quesn
688 4392 782 4461 recepi
863 4394 1017 4461 pleramque
1035 4392 1210 4459 nobilitatem]
1231 4391 1391 4447 (ilsalnst.
