3042 4900
244 34 310 102 tto
715 31 926 99 Mnuuomr

330 204 372 270 ll.
414 203 458 268 Et
477 203 629 270 Annuus:
661 203 763 270 Novas
789 201 865 267 mibi
889 202 966 266 duaa
995 200 1168 287 disciplinae
1189 201 1301 268 viderie
1327 201 1434 268 indu-

245 285 1435 456 aar·‘⁰metirestruaturtaeduit.ema?

247 478 317 523 nem
344 479 382 524 ee
423 458 534 524 iustam
562 465 723 544 sequatur:
758 419 842 522 unde
869 456 944 520 banc
973 475 1055 540 quae
1082 456 1188 520 leviter
1217 457 1344 541 attigisti
1374 455 1434 521 fac

217 549 363 630 bquneeo
385 542 555 608 enarrando
577 543 723 628 planiora.
765 541 919 640 Primum,
945 540 1047 690 inqpit
1067 540 1264 620 Eustatbius,
1285 540 1352 639 ,boc
1375 549 1431 608 te-

247 648 321 694 neas
341 629 427 707 volo,
453 649 516 694 non
536 626 575 692 de
595 649 632 693 ea
651 649 701 692 me
721 625 958 712 reprehensione
1000 645 1090 690 uisse
1108 645 1190 711 quaa
1210 646 1344 710 specie·
1368 647 1429 690 nc-

248 713 416 778 cusationis
435 712 542 791 babet,
572 713 626 778 sed
648 733 729 798 quae
748 710 979 796 vituperationis
1000 710 1095 774 instar
1114 717 1171 776 est
1215 711 1283 776 lloc
1308 709 1432 776 Gracci

248 801 386 881 σκῶμμα
404 805 528 875 vocant,
559 818 623 861 non
643 797 745 863 minus
765 795 888 883 quidem
914 815 1051 862 amarum
1073 815 1167 880 quam
1196 795 1366 872 accusatio,
1399 797 1430 862 si

248 882 413 968 inportune
432 881 622 967 proteratau:
650 881 704 947 sed
732 901 750 945 a
778 881 913 965 sapiente
936 881 980 945 sic
1001 879 1173 966 proferetur
1196 887 1233 945 ut
1257 880 1431 946 dulmdine

219 969 373 1116 dquoque
397 987 460 1031 non
483 973 593 1032 careat
635 967 679 1031 Et
699 973 736 1031 ut
761 965 845 1050 prius
872 964 927 1031 tibi
955 965 994 1030 de
1027 963 1264 1050 interrogatione
1292 984 1429 1049 respon·

269 1072 305 1116 ea

306 1072 355 1130 m,
387 1051 441 1138 qui
466 1051 534 1118 vult
556 1071 705 1117 amoenus
731 1071 799 1116 esec
823 1049 980 1116 consultor
1001 1069 1037 1114 ea
1057 1049 1225 1133 interrogat
1245 1069 1326 1134 quae
1347 1058 1430 1115 sunt

249 1135 436 1221 interrogate
457 1135 557 1201 facilia
576 1155 735 1222 responsu,
756 1143 788 1202 et
802 1155 882 1233 quac
898 1135 956 1201 scit
973 1134 1059 1200 illum
1077 1135 1182 1200 sedula
1202 1132 1427 1201 exercitatione

220 1219 401 1288 edidicisse
449 1221 571 1288 Gaudet
592 1221 674 1286 enim
696 1220 838 1308 quisquis
863 1228 1046 1305 provocatur
1071 1219 1109 1283 nd
1133 1219 1303 1285 doctrinam
1330 1239 1424 1284 suam

249 1306 281 1371 in
303 1306 437 1374 medium
458 1307 681 1392 proferendam,
702 1305 775 1392 quia
793 1325 884 1370 nemo
906 1305 971 1372 vult
992 1304 1087 1370 latere
1106 1305 1189 1390 quod
1211 1303 1333 1381 didicit,
1356 1325 1424 1368 ma-

249 1391 331 1457 xime
356 1393 383 1457 si
406 1391 532 1457 edentia
552 1411 645 1479 quam
671 1390 777 1457 lohere
798 1389 948 1476 quaesivit
968 1410 1037 1454 cum
1063 1389 1169 1474 paucis
1194 1388 1237 1454 illi
1262 1387 1426 1455 familiaris

248 1483 282 1540 et
298 1477 437 1562 plrrrimis
456 1477 498 1542 sit
518 1476 688 1562 incognite,
720 1484 758 1540 ut
778 1474 817 1540 de
837 1474 1024 1540 astronomia
1043 1474 1090 1541 val
1112 1473 1271 1540 dialectiea
1295 1474 1422 1539 ceteris-

250 1581 311 1647 que
344 1561 503 1628 similibus.
546 1564 634 1628 Tunc
667 1560 749 1626 enim
780 1559 923 1626 videntur
952 1558 1100 1645 consequi
1128 1558 1262 1624 inactum
1295 1559 1423 1638 laboris,

248 1665 320 1710 curn
354 1645 564 1728 adipiscuntur
596 1647 789 1712 occasionem
823 1643 998 1730 publicandi
1034 1664 1113 1731 quoe
1144 1643 1312 1710 didicerant
1352 1644 1423 1710 sine

197 1729 479 1816 {scapostentetionis
509 1737 598 1808 nota,
631 1752 693 1817 qua
715 1737 799 1796 caret
822 1729 876 1815 qui
899 1751 962 1796 non
988 1729 1097 1816 ingerit
1126 1727 1179 1794 sed
1207 1727 1354 1796 invitatur
1385 1738 1421 1794 ut

217 1811 390 1900 bprolerat
435 1813 551 1880 Contra
575 1834 702 1898 magnae
723 1813 934 1880 amaritudinis
963 1821 1025 1893 est,
1056 1813 1082 1879 si
1109 1833 1213 1878 coram
1236 1813 1342 1880 multis
1361 1813 1414 1878 ali-

247 1917 340 1986 quem
372 1897 541 1983 interroges
571 1899 656 1985 quod
685 1921 748 1964 non
784 1899 887 1984 opima
919 1897 1045 1965 scientia
1078 1899 1235 1984 quaesivit
1288 1897 1419 1983 Cogitur
1504 1911 1505 1974 5

248 1982 329 2049 enim
352 1990 406 2049 aut
430 2003 543 2068 negare
566 2005 601 2049 se
626 1983 716 2062 scire,
747 1982 831 2069 quod
858 1990 1026 2050 extremum
1055 1981 1254 2050 verecundiae
1271 1982 1419 2049 damnum

249 2074 373 2155 putant,
408 2076 537 2133 autres
579 2068 672 2135 nderc
696 2076 812 2134 temere
833 2075 864 2132 et
884 2066 1012 2134 fortuito
1032 2088 1065 2132 se
1084 2068 1205 2133 eventui
1226 2067 1289 2133 veri
1314 2067 1420 2134 falsive
1504 2081 1505 2102 ¹

249 2152 459 2232 committere,
486 2174 529 2219 un
551 2175 568 2219 e
588 2174 679 2239 saepe
701 2153 838 2220 nascitur
856 2153 993 2220 inscitiae
1014 2151 1165 2239 proditio:
1199 2159 1231 2216 et
1252 2171 1345 2217 omne
1359 2151 1420 2218 boc

219 2236 449 2303 (liniortuuium
479 2237 606 2338 pudoris
642 2237 692 2305 eui
725 2239 848 2325 inputat
880 2238 1059 2304 considenti.
1113 2239 1177 2304 Nec
1207 2257 1269 2302 non
1302 2245 1335 2302 et
1364 2238 1419 2323 qui

248 2323 393 2388 obierunt
411 2344 506 2388 marta
529 2333 560 2389 et
582 2333 679 2390 terras
704 2323 852 2410 gaudent,
884 2343 955 2388 cum
979 2323 1017 2388 dc
1040 2323 1146 2408 ignote
1166 2321 1270 2386 multis
1287 2321 1334 2386 vel
1356 2330 1418 2388 ter-

249 2427 351 2475 rarum
374 2407 436 2475 situ
457 2408 502 2475 vel
527 2409 597 2476 sinu
625 2408 717 2477 meris
738 2408 981 2495 interrogantur,
1013 2407 1204 2495 libenterque
1232 2406 1418 2494 respondent

316 2614 396 2684 [dite.
414 2616 553 2669 arsura.

252 2768 258 2779 Ι
315 2698 352 2750 ll.
390 2700 476 2782 Caput
498 2700 534 2752 tt.
567 2700 606 2752 tte
624 2700 717 2768 quibus
738 2702 849 2754 tidenter
870 2702 978 2769 quiaque
999 2700 1185 2781 interrogetnq.
1212 2698 1290 2751 cir-b.
1395 2702 1419 2750 l.

248 2768 433 2847 enterqegendt
450 2768 515 2836 eet]
531 2764 577 2849 ct·
590 2767 667 2821 Plnt.
683 2768 782 2837 Syrnp.
801 2768 838 2831 ll,
852 2772 877 2833 l,
898 2772 919 2818 l.
936 2794 970 2806 -
993 2767 1035 2819 cel
1051 2773 1120 2828 (nen.
1138 2772 1232 2827 ettam)
1249 2782 1276 2818 v.
1309 2773 1342 2849 ct
1360 2766 1418 2817 e-b.

248 2836 349 2951 rr&
365 2836 664 2955 :ansam
679 2833 1290 2956 sa.:.·as::³.¹;·..:.=ccesisu
1304 2840 1419 2953 tta

248 2966 318 3020 Hae.
335 2974 364 3019 et
377 2968 450 3021 ΕΜ.
472 2996 507 3009 -
524 2970 630 3036 quiden
645 2986 701 3023 om.
719 2970 773 3021 na.
793 2998 826 3011 -·
840 2972 990 3036 proferetur
1005 2969 1074 3034 (nan.
1092 2969 1143 3031 eie)
1158 2969 1215 3021 e·b.
1248 2985 1311 3020 eea
1324 2972 1417 3034 prefe-

247 3042 320 3087 eetur
337 3035 368 3086 Ρ.
472 3038 496 3085 3.
529 3038 651 3104 Etpriue
668 3040 737 3101 (nna.
758 3042 802 3098 ert)
824 3036 1041 3089 dsflravrrtru.
1070 3062 1103 3075 -
1132 3037 1248 3087 tibiam.
1266 3034 1299 3086 Δ.
1327 3062 1354 3073 -
1385 3036 1419 3089 de

247 3101 457 3218 i-rr-terrogendo
471 3101 597 3169 Hltr-g.
612 3130 645 3144 -
671 3108 723 3171 Qui
739 3107 797 3158 enit
815 3141 837 3158 ..
857 3106 888 3168 (S
904 3108 944 3164 9.)
958 3102 1088 3183 ¹retentatur]
1107 3102 1152 3153 Gl.
1168 3102 1208 3155 lu·
1229 3101 1341 3155 Sereeb.
1357 3103 1376 3153 l.
1393 3120 1417 3153 c.

248 3231 324 3285 na.
342 3233 362 3283 ι.
381 3183 523 3284 .·.¹’t''!·.'
534 3172 755 3291 .⁶⁰”t¹t·:.:·t
769 3173 821 3225 ³²·
846 3168 1348 3290 ‘s‘t.·¹l‘..stt‘t⁰lill⁵t.;ldl
1364 3168 1419 3291 sil:

246 3308 337 3382 —et
357 3272 497 3353 dicieetiee
513 3251 594 3352 Βίῳ
666 3308 691 3356 b.
718 3274 866 3376 iet⁸erregee
884 3306 1000 3373 aliquem
1019 3320 1080 3425 r-g.
1097 3332 1132 3347 -
1155 3254 1265 3373 opti-qe
1279 3304 1349 3357 ute.
1364 3304 1417 3358 PS.

247 3376 377 3435 opulente
395 3368 466 3429 (del.
484 3371 519 3431 to
537 3369 761 3435 H2-teetere,
777 3373 889 3435 temnite
906 3378 976 3433 (nm.
994 3378 1033 3433 et)
1075 3404 1082 3420 ·
1185 3376 1212 3423 e.
1238 3372 1418 3439 patefierent
1504 3376 1505 3443 ]

280 3559 327 3624 Π,
351 3563 378 3610 2.
413 3556 624 3631 vituperationis]
651 3558 806 3613 Dicendum
858 3559 963 3613 circuiit
984 3566 1109 3612 nunant:
1136 3558 1185 3611 doc
1205 3557 1286 3609 enbrii
1302 3556 1417 3626 logena-

247 3626 338 3705 lnigeo
378 3627 509 3681 irrisionis
550 3628 632 3680 docet
667 3627 808 3681 Graecum
857 3635 915 3693 tur,
940 3627 995 3710 ΙΙωρ
1020 3626 1086 3681 ebrii
1111 3643 1163 3679 een
1188 3626 1335 3707 continerent,
1369 3624 1418 3678 toa

248 3703 388 3823 σκὲμμξῆἰ
403 3760 461 3811 cett
482 3777 607 3813 amoenus
628 3778 683 3815 eene
699 3762 807 3815 eonsul-
856 3697 1152 3815 management,
1169 3693 1217 3745 Im
1233 3708 1326 3745 mm
1345 3710 1417 3745 em.

245 3829 287 3872 ter
319 3820 341 3901 i:
360 3840 385 3873 c.
407 3826 454 3889 qni
475 3834 556 3892 grato
577 3830 659 3882 ruodo
680 3830 805 3897 aliquem
891 3837 1033 3880 extremam
1067 3826 1243 3881 eumediue
1281 3826 1415 3894 damnum]

244 3893 311 3969 'ul
333 3896 516 3969 interrogare.
551 3894 595 3946 ct.
621 3898 685 3959 St.
711 3914 804 3950 conw-
857 3895 918 3949 Vid.
935 3900 992 3947 not.
1011 3896 1046 3947 ad
1063 3896 1109 3961 lv,
1129 3898 1154 3959 l,
1177 3897 1203 3946 2

244 3955 309 4008 lente
330 3962 359 4009 et
376 3958 432 4006 ard.
450 3960 580 4027 prolegg.
600 3979 626 4027 p.
643 3978 718 4014 xurv.
891 3964 1012 4015 nascitur
1040 3962 1162 4016 inscitiae
1190 3960 1319 4028 proditio]
1350 3959 1368 4011 i.
1391 3977 1415 4013 e.

280 4038 349 4090 quoe
373 4023 531 4092 didicerant]
557 4028 616 4080 vid.
641 4036 697 4080 not.
724 4030 758 4079 nd
776 4030 808 4093 gl,
857 4030 902 4092 lit,
929 4034 959 4081 ut
977 4028 1040 4096 quie
1062 4028 1125 4095 ipen
1147 4029 1248 4096 pendet
1275 4026 1415 4081 inscitiam

244 4092 369 4210 allam,
396 4091 443 4143 ubi
463 4091 510 4145 laic
527 4095 605 4145 locus
624 4103 685 4147 erat
702 4096 806 4148 adden·
857 4114 1067 4229 euqqqidunm
1118 4162 1209 4213 mm
1243 4160 1295 4229 m]
1334 4160 1354 4213 L
1390 4178 1406 4213 e

279 4244 306 4291 5.
341 4242 386 4310 qui
402 4244 579 4312 contugerit]
605 4245 681 4297 niteo
698 4245 806 4298 letitie.
856 4182 927 4296 ‘1⁰:³¹¹
957 4229 990 4311 111,
1012 4244 1073 4311 ,11111
1098 4179 1202 4311 ’1111911111
1226 4198 1414 4281 11111111111111

244 4302 289 4355 cf,
307 4306 372 4360 sen,
390 4311 425 4361 p„
443 4312 504 4362 ben.
517 4310 631 4375 vum,
644 4317 670 4365 ς,
691 4314 807 4379 Quum
856 4302 950 4350 utrae
967 4299 1021 4351 eibi
1038 4297 1203 4365 pudortett.
1222 4294 1414 4362 ct.c.³‚§tt.

241 4368 392 4437 ὑπομείναι
428 4380 499 4444 pund
528 4378 657 4435 dederent
687 4382 806 4435 miter
890 4379 1044 4445 mutuno]
1062 4379 1122 4433 llid.
1141 4383 1197 4433 not.
1214 4378 1250 4433 ad
1268 4380 1285 4443 s
1302 4383 1330 4432 t.
