3042 4900
249 36 292 99 44
723 31 934 100 Mauuoan

249 209 334 269 creto
356 199 484 265 inuium
507 198 723 278 manneae,
743 200 785 266 ob
806 200 929 266 tacendi
950 200 1160 288 loquendique
1179 204 1211 269 in
1231 216 1424 291 praetextata

197 291 347 355 somnae
365 283 566 370 prudentiam.
615 284 684 349 Hoc
703 293 942 370 'cognomentum
966 287 1073 371 posted
1090 286 1222 354 familiae
1242 300 1367 358 nostroe
1388 294 1422 359 in

248 392 361 437 nomen
386 370 493 435 haesit.
546 370 617 435 Non
633 368 729 457 ¹aliter
757 370 832 435 dicti
856 369 1031 456 Scipiones,
1062 372 1121 437 nisi
1192 376 1232 440 od
1258 377 1421 444 Cornelius

248 457 301 605 qui
328 453 541 551 cognominem
565 461 680 539 patrem
704 454 870 521 luminibus
894 464 1048 521 carentem
1074 476 1133 542 pro
1177 460 1269 526 'acuto
1294 464 1423 547 regebat

272 563 289 605 c

290 540 353 625 ipio
384 546 616 635 cognominatus
647 559 759 637 nomen
789 562 828 605 ex
857 540 1040 625 cognomine
1130 544 1203 608 teris
1235 544 1335 610 dedit:
1374 548 1421 613 sie

248 625 380 691 Messala
405 632 491 700 tuus,
522 628 654 700 Arsene,
686 623 1051 724 drotusacognomento
1099 626 1185 693 alerii
1205 629 1332 726 Maximi
1354 631 1420 717 qui,

180 706 1254 879 nbttttdttffdbt‘ttd'llztllllt‘tttlstlt
1268 715 1419 864 Mill?

249 880 340 955 mina
362 898 431 943 oum
454 886 560 943 contra
577 885 609 941 et
629 876 808 961 cognomina
829 898 867 943 ex
906 880 1015 965 ropriis
1036 880 1097 944 sint
1115 889 1212 948 naen
1230 882 1418 961 nominibus,

196 963 284 1030 aaut
305 964 344 1027 eb
369 962 501 1029 Aemilio
524 961 726 1038 Aemilianus,
759 982 779 1027 a
805 900 933 1030 Servilio
962 964 1155 1031 Seruilianus.
1205 966 1266 1033 llio
1288 967 1419 1034 subiecit

247 1047 418 1113 Eusebius:
437 1046 567 1112 Messala
589 1053 620 1110 et
641 1045 760 1131 Scipio,
780 1046 915 1113 altardo
936 1049 1058 1133 pietate,
1082 1050 1122 1115 de
1141 1050 1253 1117 virtute
1274 1052 1360 1129 alter,
1379 1061 1417 1117 ut

247 1132 354 1210 relers,
375 1132 557 1217 cognomina
577 1140 787 1215 reppererunt.
824 1132 885 1198 Sed
907 1133 1045 1220 Scropba
1065 1143 1097 1199 et
1114 1136 1226 1213 llsina,
1247 1156 1328 1221 quae
1344 1137 1415 1203 viris

247 1239 310 1283 non
333 1216 538 1283 mediocribus
564 1224 766 1299 cognomenta
792 1226 880 1294 sunt,
911 1219 982 1283 volo
1004 1219 1088 1285 dicas
1117 1221 1199 1286 unde
1224 1221 1415 1307 contigerint,

194 1300 315 1369 licum
349 1300 553 1367 contumeliae
586 1320 678 1385 quarn
709 1300 821 1366 honori
866 1303 989 1387 ropiors
1014 1302 1182 1370 videantur.
1238 1307 1317 1371 'l'um
1346 1306 1413 1371 ille:

244 1388 307 1454 Nec
327 1385 428 1452 bonor
448 1406 505 1451 neo
526 1384 636 1448 iniuria
659 1384 713 1449 sed
734 1406 822 1451 casus
843 1322 915 1452 licis
933 1387 1009 1453 baec
1028 1387 1161 1454 nomina
1198 1390 1277 1456 Nam
1300 1390 1415 1455 Asinae

245 1477 481 1554 cognomentum
507 1467 656 1534 Corneliis
684 1468 788 1534 datum
818 1477 880 1547 est,
914 1470 1059 1570 quoniam
1086 1472 1225 1559 princeps
1252 1473 1413 1541 Comeliae

245 1555 344 1639 gentis
364 1561 468 1638 empto
489 1552 586 1618 lundo
608 1572 664 1619 seu
687 1552 748 1618 fibo
771 1554 842 1619 data
863 1564 991 1634 manto,
1023 1577 1094 1623 eum
1120 1578 1283 1643 sponsores
1308 1559 1348 1623 ab
1372 1579 1412 1625 eo

193 1657 253 1720 [aaa
263 1638 449 1703 sollemniter
464 1644 673 1722 poscerentur,
702 1636 818 1703 asinam
842 1659 912 1704 cum
934 1641 1081 1726 pecuniae
1102 1663 1195 1707 onere
1213 1640 1358 1725 produxit
1379 1642 1412 1705 in

193 1724 235 1789 30
257 1742 364 1801 orum,
395 1722 481 1806 quasi
500 1742 557 1806 pro
577 1722 777 1806 sponsoribus
802 1742 945 1807 praesens
988 1725 1086 1809 ignus.
1137 1724 1314 1791 Tremellius
1336 1746 1411 1791 vero

245 1805 381 1893 Scropba
404 1804 637 1893 cognominatus
658 1815 706 1873 ost
725 1816 836 1874 eventu
856 1809 919 1873 tali.
960 1747 1186 1875 MTremellius
1204 1830 1274 1874 oum
1296 1809 1411 1875 lamilia

309 1994 390 2063 [ms.
409 1992 537 2047 annas.

238 2084 299 2131 tata
317 2078 413 2145 ve-gb.
434 2078 534 2140 „Meae
549 2075 699 2128 lectionem
718 2080 747 2128 et
763 2093 863 2129 sensus
880 2078 954 2130 ratio
967 2082 995 2131 et
1003 2078 1093 2132 Gellii
1113 2076 1408 2145 editionisqnecolan.

239 2145 392 2197 auctoritas
404 2143 578 2196 ooalirmat.“
588 2144 674 2196 Mean.
699 2153 847 2211 praetexta
858 2144 927 2198 Mes.
947 2155 1111 2215 mactatae
1122 2164 1177 2198 s-s.
1245 2149 1289 2197 Β.
1308 2162 1409 2215 eogae-

238 2211 523 2331 lll'ililal'ass
540 2228 569 2329 l⁰
582 2281 599 2327 ι
610 2217 897 2331 ”blattaria
916 2214 1408 2347 issileila‘i'”⁵”n⁸‘.2'..‘⁰ilsiil

238 2346 383 2414 propriam
399 2361 499 2397 nomes
546 2344 643 2396 miliae
658 2345 712 2397 init
730 2346 758 2396 in
778 2346 940 2413 republica,
957 2354 990 2399 ut
1006 2348 1147 2400 Aenilinu
1163 2317 1260 2413 ’nque
1276 2365 1296 2399 a
1314 2347 1408 2399 Serota

241 2415 416 2467 Seruilianos.
451 2412 532 2466 Nihil
553 2419 671 2480 utroque
695 2413 805 2466 talaiae.
840 2414 876 2468 El
894 2420 988 2467 temen
1004 2415 1150 2483 vulgatam
1168 2414 1292 2468 oecarrit
1309 2414 1336 2466 ia
1354 2414 1407 2466 Me.

238 2487 267 2533 et
288 2483 350 2534 edd.
385 2483 417 2533 ln
436 2483 498 2534 sola
517 2479 583 2534 enni
606 2485 682 2532 1601.
705 2497 846 2549 anonymo
869 2483 1000 2548 praeside
1022 2482 1134 2535 invenio
1149 2501 1167 2534 a
1186 2484 1315 2546 Servilio,
1332 2482 1407 2547 qaod

238 2550 337 2615 procul
365 2549 451 2601 dnbio
477 2550 606 2600 reauarf*
632 2548 718 2600 Gros.
766 2550 906 2613 „Servilio
932 2565 996 2602 esse
1021 2550 1173 2617 legendnm
1200 2551 1264 2617 ipss
1290 2547 1407 2616 linguae

237 2615 370 2685 analogia
389 2616 480 2669 docet.
514 2614 625 2668 Etenim
642 2629 660 2666 e
678 2616 771 2668 Servis
788 2616 873 2668 debet
890 2615 1032 2682 proficisci
1048 2620 1203 2680 Smiasus,
1220 2617 1293 2683 qaod
1311 2621 1406 2668 sotera

237 2683 273 2734 ab
292 2684 426 2737 hocloco
446 2688 474 2736 el
489 2681 612 2734 historia
627 2689 671 2734 est
686 2681 843 2736 alienum.“
862 2683 947 2736 zeon.
1019 2689 1064 2737 28.
1089 2692 1285 2756 cognomenta
1299 2698 1405 2753 repere·

237 2759 299 2803 runt
322 2751 388 2820 ebg.
415 2779 448 2790 -
476 2751 627 2820 propriora
651 2749 777 2816 ape-br.
880 2754 923 2803 29.
953 2754 1044 2820 gentis
1068 2754 1182 2806 ramelia
1199 2751 1260 2804 Bu.
1360 2752 1405 2800 30.

270 2921 315 2968 26.
356 2916 502 2983 Corneliae]
533 2918 595 2983 Qua
624 2915 676 2969 ille
709 2915 797 2970 luerit
845 2917 888 2970 ait
902 2931 1024 3036 erquere
1040 2916 1105 2970 ides
1119 2917 1213 2987 petias
1230 2917 1286 2969 boo
1302 2931 1405 2968 nenses

237 2989 343 3047 aetate,
375 3000 429 3034 non
460 2984 557 3049 liquet.
606 2985 718 3054 Primus
746 2983 796 3050 qul
846 2985 986 3036 Messene
1017 2985 1179 3052 impositam
1212 3001 1290 3047 esse,
1329 2985 1403 3048 quod

236 3051 317 3102 nobis
333 3067 365 3100 oo
389 3049 464 3101 nitas
481 3051 520 3102 sit
537 3050 684 3104 cornelius
699 3050 795 3119 Scipio
845 3052 1002 3104 Messanam
1033 3068 1051 3104 a
1082 3052 1185 3104 Poenis
1217 3057 1247 3101 et
1278 3047 1405 3101 Hierone

237 3134 262 3168 a.
280 3135 305 3167 u.
324 3067 481 3168 ccicuvl.
506 3119 604 3170 consul
625 3117 694 3170 aicit
710 3119 796 3171 Etru·
844 3119 972 3170 discessu
997 3120 1048 3184 dp.
1069 3118 1184 3170 clandii
1208 3117 1303 3169 aeriae
1331 3117 1406 3168 inle-

238 3201 310 3236 uoos.
623 3211 626 3217 ·
843 3187 1027 3239 summittis
1042 3184 1181 3239 submotis
1201 3185 1256 3238 boc
1277 3184 1404 3236 reooaei·

273 3251 391 3303 Messala
420 3247 491 3316 tane]
519 3249 645 3302 Persona
674 3249 795 3303 tortasse
844 3254 916 3306 lieto
932 3253 1092 3307 liberasset.

234 3319 302 3372 licta
320 3317 356 3370 ad
377 3316 576 3369 introducenda
596 3332 630 3369 ee
653 3333 725 3384 qaae
749 3335 795 3370 se·
877 3326 921 3372 ut.
954 3322 1009 3374 sisst
1035 3320 1133 3387 tracta]
1162 3319 1182 3372 i.
1211 3336 1237 3372 e.
1266 3318 1404 3371 desirate.

234 3393 357 3454 quuntnr
375 3384 448 3448 (rid.
466 3390 522 3436 aot.
539 3385 573 3437 ad
593 3384 615 3450 l,
632 3387 659 3450 ³,
680 3389 742 3446 lta).
844 3386 942 3440 Facile
963 3394 1041 3454 petet
1063 3389 1136 3440 bane
1159 3403 1219 3439 nm
1238 3403 1301 3437 eam
1323 3389 1404 3436 ante·

272 3455 373 3508 Valerii
392 3452 516 3573 Maximus]
533 3453 571 3504 M.
586 3451 715 3505 Valerius
732 3451 794 3505 Ma·
843 3455 954 3508 cedenti
974 3455 1020 3509 rix
1037 3471 1121 3522 posse
1137 3453 1311 3520 comparari.
1338 3467 1403 3503 eam

231 3521 472 3576 nimosCorvinos
518 3521 721 3574 esselanonsnl
739 3519 794 3573 luit
843 3523 906 3574 illic
935 3539 969 3573 eo
990 3538 1089 3574 nomen
1118 3523 1212 3586 lpsam
1242 3519 1346 3572 abierit
1373 3519 1402 3568 la

231 3605 257 3644 a.
276 3609 303 3642 n.
321 3609 345 3644 c.
369 3589 542 3651 CCCCXtM„
566 3605 649 3656 qoem
667 3586 792 3640 Zeunius
841 3606 952 3652 nomen,
990 3590 1050 3642 ice
1067 3585 1404 3641 naminederiretnmsit

231 3657 378 3709 contundit
393 3673 455 3709 cum
474 3657 513 3708 M.
531 3655 645 3710 Valerio
667 3655 793 3708 Messala
842 3673 1007 3725 cognomen.

230 3723 283 3775 illo
312 3724 361 3788 qui
392 3722 504 3775 biennio
533 3729 597 3790 poet
625 3723 791 3777 ciceronem
876 3743 894 3776 a
916 3721 1040 3790 Sea-sitio]
1067 3721 1176 3783 Servio,
1202 3721 1277 3786 qaod
1304 3726 1348 3773 est
1372 3718 1403 3771 iu

232 3789 287 3842 luit
305 3787 412 3841 consul.
447 3789 491 3840 Ol.
510 3787 575 3840 Sea.
593 3791 720 3842 debres.
741 3789 791 3842 rit.
841 3793 985 3861 plerisque
1004 3788 1087 3843 libris
1105 3804 1186 3850 mse,
1217 3805 1272 3840 aaa
1291 3787 1347 3838 niel
1366 3787 1403 3838 li·

233 3859 276 3918 1³,
287 3859 314 3907 ὁ.
337 3857 409 3907 Sane
426 3863 452 3908 et
467 3857 514 3907 boc
530 3857 633 3908 adrem
648 3859 791 3924 pertineat,
840 3860 998 3912 beatiorum
1018 3855 1146 3909 incuriae
1163 3853 1275 3907 ridetur
1293 3854 1401 3906 deberi.

251 3924 302 3974 uod
328 3923 484 4004 Valeriae
506 3923 668 4003 Coruinus
688 3925 790 4006 primam
872 3931 918 3980 29.
953 3927 1055 3979 Asinae
1077 3931 1280 3993 “ganumans
1305 3924 1404 3973 Corae·

231 3997 690 4126 ..J't‘lttttt’,ttt'ttbtff
702 3993 791 4109 limis.
839 3989 1160 4115 tutatuta-tl
1174 3989 1402 4122 diffidati?

231 4125 363 4178 translato
388 4125 492 4176 nomine
515 4125 668 4177 Messana
694 4126 789 4190 appel·
874 4133 917 4180 tto.
949 4126 1079 4196 Serapio]
1095 4124 1207 4189 „Aliam
1224 4139 1314 4190 aeque
1329 4122 1402 4191 lepi-

231 4194 304 4246 lntas
320 4197 367 4252 est,
380 4191 565 4259 paulatimque
580 4194 627 4245 oul
649 4211 663 4244 o
680 4207 789 4258 parma·
839 4195 903 4247 dam
911 4195 997 4247 baias
1008 4192 1184 4262 cognominis
1197 4207 1312 4243 censam
1325 4207 1403 4241 eom·

230 4267 304 4313 tante
330 4261 423 4312 literas
452 4259 600 4312 Messala
625 4209 712 4312 dictus
741 4268 788 4313 cst
838 4264 1071 4314 memoretllsrro
1086 4261 1122 4312 de
1138 4259 1304 4316 [bibile.
1328 4256 1402 4310 Tre·

230 4325 333 4379 contra
369 4325 582 4379 Freinshemius
616 4327 715 4394 Sappl.
751 4328 789 4378 ad
838 4328 967 4380 mellinm
992 4329 1067 4381 enlm
1096 4327 1138 4379 sit
1163 4331 1342 4393 quaestorem
1371 4324 1401 4376 ia

229 4391 291 4446 Isia.
311 4393 388 4459 xvl,
404 4397 447 4448 lt.
470 4395 548 4464 ipsas
572 4411 619 4448 res
643 4395 789 4450 evidenter
838 4395 1005 4450 Macedonis
1020 4413 1039 4450 e
1054 4399 1186 4462 prsetore
1205 4393 1351 4456 relictam,
1370 4399 1403 4446 ut
1517 4412 1518 4421 ¹
