3042 4900
239 59 304 124 340
711 42 922 115 Mecuoalt

194 230 375 309 tltemptae
401 220 474 305 legis
503 237 594 303 quam
620 216 684 300 ipse
712 215 795 281 bono
822 214 946 300 publico
976 216 1159 301 pertulisset
1213 216 1270 284 llis
1296 218 1428 305 legibus

191 325 490 397 {are1annumorarem
520 302 652 367 edictum
673 300 712 363 de
733 300 906 385 sumptibus
933 301 971 365 ab
992 301 1128 366 Antonio
1150 302 1341 388 propositum
1362 308 1426 391 qui

243 401 347 481 postea
381 388 521 455 triumvir
556 386 626 463 luit,
666 384 697 448 ni
734 384 891 469 indignum
929 386 1082 451 crederem
1123 386 1203 452 inter
1238 389 1426 458 cohibentes

244 487 399 561 sumptum
420 473 556 541 Antonio
577 472 679 535 locum
703 468 811 547 iacere,
832 471 919 535 cuius
939 491 1088 558 expensae
1109 472 1139 535 in
1159 494 1286 539 coenam
1308 475 1426 543 solitae

245 562 375 629 conlerri
404 558 467 625 sola
495 556 618 622 unionis
647 577 664 619 a
690 552 852 641 Cleopatra
878 576 974 620 uxore
1002 556 1176 643 consumpti
1203 559 1425 629 aestimatione

197 652 405 735 lbsuporatae
428 651 508 708 sunt.
553 643 629 706 Nam
654 660 723 703 cum
743 639 897 706 Antonius
919 640 1065 727 quicquid
1088 642 1164 707 mari
1185 652 1240 709 aut
1259 652 1339 709 terra
1364 658 1426 713 aut

246 734 336 799 etiam
359 731 443 797 caelo
466 728 638 813 gigneretur
664 724 701 788 ad
731 725 898 791 satiandam
922 725 952 789 in
974 726 1084 791 luviem
1108 748 1193 793 suam
1219 737 1326 795 natum
1354 734 1423 797 exi-

246 820 372 883 stimans
401 814 539 879 lancibus
566 833 601 875 ao
627 810 770 876 dentibus
799 810 863 875 suis
888 747 1046 888 subleret,
1079 832 1177 898 eaque
1196 834 1231 878 re
1251 824 1360 901 captus
1380 818 1426 883 de

245 906 386 969 Romano
408 898 535 984 imperio
557 897 655 961 iacere
673 896 761 962 vellet
781 896 964 983 Aegyptium
986 917 1124 983 regnum,
1145 898 1307 984 Cleopatra
1327 923 1424 981 uxor,

249 1009 327 1074 quae
352 984 431 1051 vinci
453 1005 469 1048 a
492 980 641 1047 Romanis
663 1002 719 1045 nec
744 981 862 1045 luxuria
890 980 1080 1065 dignaretur,
1114 983 1279 1067 sponsione
1306 1007 1424 1071 provo-

200 1074 327 1141 lbcavit
349 1072 500 1136 insumere
527 1088 559 1131 se
585 1087 674 1151 posse
697 1066 727 1129 in
749 1087 842 1130 unam
864 1086 989 1131 coenam
1011 1068 1184 1133 sestertium
1205 1070 1327 1135 centies.
1381 1074 1424 1139 ld

251 1158 359 1223 mirum
379 1152 517 1219 Antonio
540 1151 652 1227 visum,
687 1172 743 1215 nec
760 1159 897 1215 moratus
923 1152 1086 1237 sponsione
1105 1154 1276 1231 contendit,
1308 1155 1425 1240 diguus

250 1244 354 1307 soulna
376 1238 517 1304 Munatio
538 1237 653 1301 Planco
677 1235 731 1320 qui
752 1242 814 1301 tam
836 1235 955 1301 bonesti
977 1237 1152 1302 certaminis
1171 1238 1284 1305 arbiter
1303 1240 1424 1307 etecnn

250 1335 304 1393 cst.
360 1325 464 1390 Altera
497 1322 546 1387 die
577 1320 740 1405 Cleopatra
776 1328 984 1406 pertemptans
1012 1322 1182 1388 Antonium
1211 1324 1423 1410 pollucibilem
1499 1341 1503 1349 '

320 1520 399 1589 [nn.
419 1516 598 1571 recreem.

250 1621 329 1657 nasse
347 1601 448 1655 s-ut’s.
536 1602 574 1651 14.
602 1608 733 1667 sumptus
752 1617 812 1669 v-g.
900 1603 942 1649 ib.
967 1608 1059 1653 terrac
1076 1599 1149 1651 lSl’.
1168 1628 1199 1637 -
1217 1603 1297 1655 etiarn
1313 1620 1368 1657 em.
1386 1605 1423 1657 G.

260 1700 283 1710 -
305 1672 377 1721 caelo
395 1688 449 1719 ιιιιι.
467 1667 496 1717 Ρ,
516 1694 547 1703 -
566 1667 723 1734 ingluuiem
744 1668 773 1718 Α.
796 1695 816 1705 -
842 1668 971 1718 catinenses
987 1668 1021 1717 G.
1038 1696 1068 1705 -
1087 1670 1270 1735 aegyptiam
1286 1672 1316 1722 1¹.
1331 1699 1366 1711 -
1384 1692 1425 1724 see

253 1740 361 1790 lusoria
386 1736 415 1787 S.
524 1739 561 1784 iti.
589 1736 703 1786 Aretonio
728 1737 821 1786 mirasse
850 1751 910 1801 v-g.
939 1761 970 1771 -
998 1736 1101 1786 culina
1128 1735 1202 1801 Sug
1226 1737 1282 1805 (leg
1309 1741 1338 1791 in
1363 1757 1390 1791 ιιι
1415 1778 1425 1792 .

252 1808 355 1867 eratne,
374 1810 402 1855 et
421 1804 448 1854 in
467 1818 486 1869 g
504 1808 664 1868 praeterea:
693 1807 779 1856 ..erent
797 1800 844 1867 qui
863 1802 975 1871 legente
1001 1804 1103 1871 pignus
1118 1804 1281 1857 custodiente
1301 1808 1426 1860 Menates

258 1872 401 1936 Ptancoss)
420 1870 462 1921 bil
487 1870 513 1919 in
533 1885 605 1934 sng;
625 1868 679 1919 tta.
699 1870 738 1920 lo.
756 1870 870 1921 Sureeb.
891 1894 927 1909 -·
951 1870 1088 1921 illumatio
1107 1870 1161 1936 i·g.
1201 1876 1338 1925 manetis
1355 1875 1425 1936 (llG

255 1959 270 1993 a
293 1959 316 2007 p.
337 1944 397 1999 m).
441 1938 578 1989 mulnntio
602 1936 630 1987 Α.
674 1938 796 1989 arietatio
819 1938 860 1987 bll
886 1953 945 2003 ep·
963 1954 1000 1988 m·
1045 1938 1194 1990 Minaties
1210 1938 1358 2004 (Plancus)
1381 1943 1426 1995 lo.

255 2009 316 2059 Sar.
337 2009 356 2057 l.
376 2024 400 2055 ι·.
435 2003 562 2066 „Censeo
589 2006 738 2071 legendum
761 2006 910 2056 Menariae
932 2006 1065 2055 Plancus.
1097 2005 1125 2055 le
1145 2006 1220 2056 enim
1239 2010 1340 2061 saulae
1360 2010 1427 2063 eise

256 2084 401 2141 soqneeter
417 2072 485 2136 luit,
503 2089 554 2123 non
573 2071 716 2123 Antonius.
747 2072 802 2138 Qui
822 2089 873 2123 nec
892 2071 992 2138 potnit.
1022 2072 1194 2124 Faciendum
1210 2092 1318 2140 qaoque
1332 2092 1426 2141 peena-

257 2154 313 2194 tnm
338 2148 401 2209 poet
423 2141 555 2191 contendit
603 2140 746 2203 ersrnroen
772 2141 831 2189 iere
855 2141 927 2206 apud
954 2140 1030 2190 leae.
1053 2138 1318 2191 Serieberieeeene.“
1340 2143 1423 2195 Paret.

256 2211 306 2274 „lb
328 2227 351 2259 o.
374 2216 401 2259 et
419 2206 635 2258 Salisbericneie
653 2208 702 2257 lib.
722 2207 794 2257 l'lil.
815 2225 839 2256 c.
855 2213 880 2258 1.
903 2208 1004 2258 culina
1027 2206 1185 2260 Nemetisee
1204 2208 1328 2262 Plancus
1344 2209 1424 2267 (Vid-

237 2279 342 2345 ηιμ).
385 2276 523 2326 emendor
550 2275 652 2325 dietae
680 2276 774 2325 ecnlnu
800 2274 947 2326 Munatius
973 2275 1125 2326 Plancee.“
1154 2276 1258 2327 Meam.
1296 2274 1368 2338 „Sic
1392 2296 1427 2331 se

257 2345 407 2397 emendare
431 2342 472 2393 eit
496 2340 616 2393 Falsine
642 2344 668 2392 in
693 2341 852 2409 appendice
877 2342 912 2393 ns
935 2340 1078 2393 Cleccoeii
1100 2342 1270 2395 Triclinia·
1296 2359 1361 2411 pag.
1382 2350 1435 2399 as..

257 2414 341 2465 Forte
370 2420 477 2464 tenesne
508 2410 596 2478 stigen
624 2412 715 2463 scalon
744 2411 816 2461 Men.
840 2410 970 2462 Planco.“
994 2409 1082 2461 Grae.
1127 2410 1231 2476 „Forte
1253 2414 1428 2482 prodignae

257 2489 356 2534 erector
373 2479 490 2546 scripsit
513 2480 612 2547 digna,
640 2487 671 2530 nt
688 2477 842 2545 pertineret
859 2479 894 2530 nd
911 2479 1079 2529 antecedens
1097 2482 1263 2546 sponsione.“
1283 2481 1370 2532 Zeten.
1392 2509 1426 2521 -

295 2651 334 2698 14.
364 2645 477 2698 edictum
496 2647 528 2697 de
547 2647 693 2714 srrsnptibue
711 2647 743 2698 ab
763 2649 817 2697 An·
867 2644 964 2711 „Apud
984 2651 1094 2698 setores
1112 2645 1227 2699 lestines
1242 2649 1337 2701 scalea
1352 2649 1425 2700 idem

258 2717 329 2766 tonio
350 2714 525 2781 propositam]
550 2713 681 2766 Fortasse
699 2713 754 2764 leuc
775 2731 818 2764 re·
867 2713 915 2780 qai
937 2722 1075 2780 sequester.
1109 2713 1168 2765 l'id.
1187 2715 1281 2834 Aqell.
1302 2715 1350 2768 lib.
1368 2716 1426 2780 xli,

259 2785 374 2834 terenda
388 2790 451 2834 erent
464 2797 580 2845 eaquae
595 2783 728 2850 leguntur
742 2782 817 2849 apud
868 2796 928 2847 cap.
949 2785 1011 2832 lix·
1030 2779 1138 2832 Mense.
1157 2807 1190 2820 ·-
1236 2790 1354 2836 onteaas
1372 2799 1426 2836 noa

260 2849 639 2915 soleinntatisnune
658 2851 736 2902 etiarn
755 2851 819 2900 dicit
868 2847 980 2900 videtur
994 2848 1171 2900 intellexisse
1187 2852 1280 2902 eculeo
1298 2869 1362 2904 esea
1380 2868 1427 2903 ce·
1469 2883 1476 2892 ·

265 2921 358 2986 Capito
394 2920 499 2970 Asteles
534 2917 688 2981 edictum,
729 2918 819 2968 divine
868 2932 930 2965 enen
952 2916 1117 2968 ablativum.
1150 2917 1205 2970 Sed
1229 2917 1334 2971 Zeusis
1355 2919 1427 2972 seri·

264 2986 379 3053 Arrgrcrti
412 3002 447 3034 on
481 2983 578 3035 'liberii
612 2985 734 3037 Caesarie
766 3002 819 3036 non
869 2982 944 3033 beati
960 2985 1098 3051 sponsione
1115 2985 1206 3052 digna
1223 2986 1386 3050 assentirer,
1401 2986 1425 3037 si

262 3055 327 3102 sotis
361 3051 536 3108 commemini,
573 3069 624 3118 qno
656 3053 740 3103 edicto
771 3069 820 3119 pes
869 3052 1041 3102 annscoeler
1059 3049 1428 3121 suffragaretarceimllitee·

262 3117 363 3170 dierum
380 3118 473 3167 uarias
485 3117 673 3172 sollemnitates
688 3137 705 3170 a
720 3127 820 3172 trecen-
870 3119 943 3169 enim
971 3118 1081 3169 Plinius
1111 3121 1128 3171 l.
1156 3137 1197 3171 c.:
1234 3123 1294 3184 ille,
1327 3121 1425 3188 inquit,

262 3187 296 3235 sie
314 3183 370 3233 HS.
390 3185 426 3234 ad
443 3201 524 3250 neque
542 3186 594 3236 dac
613 3186 687 3237 milia
702 3195 822 3253 sumptus
870 3194 983 3238 sensae
998 3189 1198 3254 quaestionis
1211 3189 1326 3254 victrice,
1341 3189 1425 3256 peulo

262 3267 400 3302 comerrien
432 3261 600 3320 propagatus
631 3261 684 3313 eet,
719 3261 748 3305 ut
778 3254 821 3306 leis
870 3269 955 3320 eapse
990 3254 1079 3305 idem:
1121 3256 1151 3306 le.
1186 3256 1317 3322 Plancus,
1347 3258 1424 3308 iader

262 3319 355 3370 saltem
367 3319 470 3384 finibus
490 3320 613 3372 lusoriae
631 3321 821 3388 effervescentis
870 3321 1057 3388 sponsionis
1074 3324 1139 3373 ciue.
1157 3322 1213 3374 snt
1233 3333 1325 3390 potest
1341 3325 1424 3376 etiem

263 3395 351 3440 aestus
369 3395 537 3438 coerceretur.
870 3389 1007 3440 tasneto·
1031 3390 1094 3455 ipse
1119 3389 1177 3441 elici
1203 3390 1307 3458 dignas
1331 3392 1426 3443 seelera

297 3456 402 3506 unionis
428 3472 445 3506 n
475 3456 616 3522 Cleopatra
645 3470 725 3505 neore
757 3471 820 3506 eon·
870 3455 991 3518 l'leeco,
1019 3457 1055 3508 de
1082 3473 1137 3523 qno
1168 3458 1295 3511 Velleius
1321 3459 1362 3522 ll,
1381 3462 1425 3524 111,

263 3521 820 3644 :irrisuri“curruca
870 3525 1426 3662 'nn-r

264 3663 305 3708 58.
328 3659 341 3723 ᾗ
369 3663 416 3708 tte
437 3677 511 3725 eqq,
540 3659 690 3726 Cleopatra
710 3627 824 3708 'dicitur
871 3676 918 3710 soe
948 3659 1040 3715 ebena
1079 3677 1138 3712 eene
1164 3663 1264 3714 Antoni
1291 3662 1425 3724 librarius,

263 3725 359 3790 regina
378 3729 507 3788 meretrix,
524 3743 606 3794 qrrnm
624 3725 736 3778 Antonii
754 3743 822 3776 uso·
872 3743 930 3778 cuns
945 3727 1203 3780 obscoenissimum
1218 3745 1305 3781 rsrase
1320 3737 1348 3782 ct
1362 3745 1427 3780 aeo-

264 3806 317 3840 rem
339 3790 408 3841 dicit
432 3792 605 3856 dlacrnleine,
634 3802 664 3845 at
688 3793 822 3844 Horatius
871 3802 913 3846 ter
935 3801 959 3843 et
975 3793 1108 3858 nicaen,
1134 3813 1191 3848 esee
1208 3799 1236 3848 ise
1252 3799 1342 3850 onnia
1358 3798 1427 3849 stin

266 3855 472 3920 0d.t,15,s.
502 3859 614 3910 Paridis
642 3861 822 3926 Helenesque
871 3860 990 3913 omnibus
1005 3863 1121 3926 emulis,
1143 3879 1202 3915 cesse
1221 3865 1428 3918 mentuscae

264 3924 373 3990 nuptias
402 3931 429 3973 ot
457 3925 508 3976 0d.
539 3926 566 3992 l,
596 3931 641 3992 11,
671 3933 694 3980 1.
728 3929 822 3980 olentis
870 3929 959 3980 nuslue
981 3938 1113 3997 caputque
1137 3932 1275 3985 redimitus
1298 3933 1428 3984 medina

264 4007 382 4043 urerer
401 3992 500 4042 mariti.
872 4005 897 4048 et
922 3997 1036 4049 caedasn
1057 3997 1165 4049 trabeae
1189 4000 1303 4068 genitus
1323 3999 1428 4052 innisae

304 4063 342 4108 15.
374 4059 432 4124 nec]
463 4059 480 4110 i.
510 4075 535 4109 o.
564 4077 597 4110 ne
622 4059 742 4126 quidem.
778 4059 821 4111 Gi.
875 4064 1006 4116 Glaucum
1027 4067 1152 4117 saltasset
1173 4067 1200 4117 in
1223 4068 1358 4131 manicis,
1384 4083 1424 4118 se·

266 4127 395 4194 peroiogg.
414 4143 439 4192 p.
456 4141 513 4177 xer.
867 4131 1023 4200 frigescens
1038 4134 1072 4184 oe
1090 4135 1206 4186 Antonio
1222 4136 1254 4186 sb
1270 4136 1428 4198 nanifesta-

299 4193 570 4261 sestertinnrrentiee]
590 4193 821 4260 caeleste.
871 4215 929 4250 rum
960 4201 1117 4266 rapinarum
1149 4203 1251 4254 indicia
1279 4203 1428 4270 transfugit

265 4261 388 4314 Eandem
419 4261 553 4330 pecuniae
580 4278 715 4315 snrnmam
745 4280 822 4316 com·
873 4267 909 4316 ad
931 4267 1078 4319 Caesareis.

266 4328 432 4381 rnornoravit
449 4327 559 4381 Plinius
578 4331 597 4381 l.
614 4348 638 4381 c.
904 4333 1081 4400 pollucibilem
1097 4352 1163 4386 eane
1176 4333 1331 4453 mensesqi.
1346 4351 1371 4386 e.
1384 4349 1429 4387 es-

299 4399 340 4446 rs.
362 4397 462 4465 dignae
476 4398 567 4450 ecelna
581 4399 701 4451 Munatio
715 4395 823 4464 Planco]
872 4398 909 4452 tis
929 4400 1036 4453 lentem
1054 4403 1090 4456 sd
1107 4402 1208 4468 epulas
1222 4403 1291 4470 publ
1305 4418 1362 4456 cae.
1386 4401 1429 4456 01.
