3042 4900
246 54 311 119 590
730 46 941 113 tracuOBlt

247 216 459 287 instaurandas
485 216 704 281 constrictione
728 216 807 282 vires
835 216 965 281 ollernnt
993 216 1179 299 aegrescenti
1207 215 1329 293 sinum,
1366 218 1431 282 nisi

249 306 361 390 frigore
379 322 437 369 suo
459 303 570 367 lassata
592 309 716 385 cogeret
733 308 765 365 et
785 299 941 384 colligeret
962 299 1134 365 dissoluta?
1178 300 1221 364 Et
1241 321 1313 366 cum
1333 301 1431 380 lasso,

247 398 285 457 ut
312 389 391 465 dixi,
426 384 586 453 stomncho
615 385 689 450 nibil
711 384 878 449 adhibeant
904 384 1052 462 solidum,
1084 404 1123 449 nc
1149 392 1266 449 crescat
1296 385 1432 452 ulterius

249 472 410 549 lassitudo,
438 470 539 539 atini
561 478 639 556 potu
659 490 722 535 uon
743 468 923 567 probibent,
946 468 1096 535 delectum
1119 469 1150 533 iu
1173 470 1268 535 robur
1289 470 1347 535 hac
1371 492 1430 536 cu-

218 559 368 629 litatione
393 563 555 621 mutantes.
598 556 689 621 Dabo
712 554 793 619 alrud
815 554 961 621 indicium
985 553 1150 623 accidentis
1171 554 1243 619 rino
1263 575 1355 639 quam
1379 556 1429 619 in-

250 643 343 729 geniti
366 642 485 707 caloris.
527 641 603 706 Nam
625 640 650 704 si
671 639 740 724 quis
758 640 915 705 aconitum
933 639 1073 704 nesciens
1093 638 1239 717 hauserit,
1261 661 1324 704 non
1347 661 1430 725 nego

251 730 365 796 haustu
383 747 455 792 enm
477 725 552 791 meri
574 726 696 809 plurimi
720 724 819 789 solere
841 724 951 789 curari.
996 722 1136 789 Infusum
1158 723 1240 788 enim
1259 724 1430 790 visceribus

249 812 343 878 trahit
370 812 410 876 nd
438 832 472 875 se
502 811 633 876 calorem
665 817 696 875 et
726 830 845 875 veneno
875 808 985 895 frigido
1013 810 1100 893 quasi
1127 808 1260 873 calidum
1288 809 1347 875 iam
1377 831 1430 876 re-

250 905 374 984 pugnat
417 894 451 961 Si
477 915 550 963 reso
574 894 729 959 aconitum
757 897 858 980 ipsum
888 914 957 959 enm
981 894 1053 958 rino
1077 894 1184 959 tritum
1208 895 1294 978 potui
1318 894 1428 959 datum

220 984 305 1058 bsit,
337 981 527 1046 haurientem
554 980 637 1044 nulia
662 979 781 1044 curatio
809 1000 827 1043 a
854 986 953 1045 morto
981 977 1126 1045 defendit.
1171 979 1259 1043 Tune
1278 980 1358 1045 enim
1381 980 1427 1043 vi-

249 1086 324 1133 num
344 1073 454 1130 natura
477 1063 620 1149 frigidum
640 1064 827 1129 admixtione
847 1064 894 1129 sni
923 1062 1018 1147 frigus
1043 1064 1128 1129 nuxit
1152 1064 1276 1141 veneni,
1311 1084 1368 1128 nec
1392 1066 1428 1129 in

251 1149 447 1217 interioribus
471 1149 531 1215 inm
555 1149 692 1227 munit,
728 1150 891 1234 quianon
919 1149 1048 1214 liberum
1079 1149 1132 1213 sod
1163 1148 1331 1213 admixtum
1364 1149 1427 1228 alii,

221 1236 345 1301 limmo
370 1234 402 1299 in
427 1234 511 1299 aliud
534 1253 674 1311 versum,
709 1232 868 1299 descendit
891 1233 1066 1297 inviscera.
1113 1232 1173 1299 Sed
1196 1241 1227 1297 ct
1244 1233 1357 1298 sudoro
1379 1234 1427 1298 ni-

250 1320 313 1386 mio
338 1320 384 1385 rel
412 1318 513 1385 laxato
541 1326 647 1383 ventre
676 1318 804 1385 defessis
832 1318 935 1383 vinum
964 1318 1122 1402 ingerunt,
1156 1325 1193 1382 ut
1225 1317 1257 1382 in
1290 1326 1426 1403 utroque

249 1405 359 1472 morbo
385 1404 575 1487 constringat
598 1412 726 1469 meatus.
776 1405 953 1468 Insomnem
983 1402 1093 1467 medici
1126 1400 1241 1487 frigidis
1269 1402 1423 1482 oblinunt,

250 1490 344 1558 modo
363 1488 521 1575 papaveris
541 1508 616 1554 sum
640 1488 735 1553 modo
756 1488 957 1572 mandragora
984 1488 1031 1552 vel
1055 1486 1220 1564 similibus,
1251 1489 1282 1552 in
1310 1486 1424 1585 quibus

249 1582 298 1639 est
315 1582 347 1639 et
365 1574 486 1639 vinum:
523 1593 593 1639 nem
616 1572 686 1638 vino
711 1594 838 1639 somnus
858 1572 963 1637 reduci
982 1572 1072 1650 solet,
1098 1571 1182 1658 qnod
1206 1594 1270 1637 non
1296 1572 1356 1637 nrsi
1376 1573 1422 1637 in-

220 1658 343 1742 Sgeniti
370 1657 491 1740 frigoris
517 1657 725 1723 testimonium
753 1666 810 1723 est.
860 1656 980 1722 Deinde
1013 1656 1115 1722 omnia
1146 1655 1243 1722 calida
1270 1658 1421 1722 Venerem

250 1749 419 1827 provocant
436 1749 469 1807 et
489 1760 594 1807 semen
613 1741 748 1807 excitant
767 1751 799 1808 et
818 1741 1006 1827 generationi
1027 1742 1144 1819 iurent,
1181 1742 1291 1807 bausto
1319 1750 1422 1807 eutern

249 1846 334 1896 mero
360 1825 492 1911 plurimo
520 1824 600 1893 liunt
625 1826 683 1893 riri
706 1826 746 1895 ad
772 1828 888 1896 coitum
919 1826 1081 1915 pigriores:
1113 1826 1165 1893 sed
1193 1847 1251 1893 nec
1276 1826 1421 1893 idoneum

317 1997 396 2065 [blas.
416 1996 520 2049 tt’stl.

248 2080 353 2133 laento
371 2080 461 2131 [1.-
482 2080 620 2133 nihilum.
638 2081 668 2132 P.
697 2110 727 2120 —
758 2083 1060 2150 noidopotntsnp.i’
1079 2080 1197 2145 oini)1l.
1300 2086 1327 2133 5.
1352 2083 1422 2133 neci-

248 2148 319 2201 dent
344 2148 375 2199 lt.
411 2149 555 2200 occidentis
581 2150 738 2217 meginh.
766 2176 799 2190 -
830 2151 941 2219 ingenti
962 2150 996 2201 Ε.
1031 2150 1159 2217 ingentis
1182 2164 1207 2200 r.
1234 2175 1266 2187 ·-
1292 2148 1421 2201 honneur

248 2231 306 2265 cunr
316 2214 347 2266 Α.
373 2232 440 2267 cunr
458 2216 556 2268 honstn
576 2218 645 2280 (ont.
663 2219 735 2284 enm)
753 2217 784 2270 S.
871 2222 896 2268 ti.
926 2218 1093 2270 admistione
1109 2231 1171 2283 r-g.
1188 2242 1222 2252 —
1236 2216 1328 2285 frigus
1345 2216 1421 2268 hnu-

248 2282 289 2334 sit
308 2280 338 2333 S.
358 2284 642 2349 -ortnr'rtnnr-g.
745 2290 771 2337 t.
799 2286 910 2355 ingerit
931 2284 969 2335 ri.
1005 2286 1156 2353 ingeritur
1175 2300 1234 2349 c·g.
1257 2310 1283 2321 -·
1305 2284 1422 2351 ingenti

247 2348 404 2444 (eddeup.
423 2349 497 2410 tol.
532 2350 667 2419 ingentis
687 2368 748 2420 v-g.
851 2357 876 2401 a.
908 2352 1240 2405 Deindenonncosnnin
1258 2348 1419 2416 S.·-pro-

248 2425 353 2470 creent
373 2418 402 2469 l.
422 2444 456 2456 -
476 2418 522 2472 sed
538 2417 619 2472 lines
634 2418 669 2470 ll.
689 2446 717 2457 -
743 2420 907 2489 conceptioni
924 2427 1013 2474 rerunt
1031 2437 1054 2471 ι.
1089 2418 1271 2486 conceptionis
1288 2425 1369 2472 crunt
1385 2416 1419 2468 P.

282 2568 307 2618 4.
343 2568 464 2635 ulterius]
484 2568 526 2621 (il.
546 2587 571 2622 c.
588 2570 702 2636 5922.
860 2569 1042 2623 Dioscorides
1065 2569 1101 2632 t‘,
1123 2573 1163 2620 ll.
1190 2585 1296 2620 merum
1325 2569 1422 2620 dicunt

279 2637 307 2686 5.
342 2637 485 2688 crementis
509 2639 570 2689 cino
591 2655 671 2705 quarn
694 2637 810 2704 ingeniti
860 2638 984 2690 remedio
1006 2653 1069 2688 esre
1092 2643 1121 2688 et
1145 2643 1242 2688 contra
1266 2638 1372 2689 ric-uter
1393 2642 1423 2688 et

248 2701 353 2769 caloris]
380 2703 518 2756 insertum
543 2709 587 2756 etl
610 2705 639 2757 in
659 2703 726 2756 elit.
745 2703 809 2770 Rip.
860 2714 954 2757 contra
977 2705 1104 2766 neoniln,
1123 2706 1171 2756 sed
1196 2705 1292 2769 iidem,
1312 2704 1423 2755 Plinius

247 2769 351 2837 nangis,
377 2770 461 2836 idque
485 2787 553 2824 serre
575 2774 622 2822 vel
636 2774 726 2839 potins
742 2788 810 2836 sup·
862 2773 931 2835 llll',
949 2778 975 2838 5,
993 2778 1054 2824 et.
1075 2779 1104 2824 et
1121 2772 1202 2834 xxv,
1221 2776 1261 2835 15,
1281 2787 1302 2822 s.
1321 2775 1375 2834 ee,
1392 2781 1422 2822 et

195 2880 201 2890 .
248 2837 380 2903 plendnrn
397 2846 441 2890 est
456 2841 491 2891 nd
507 2839 725 2906 comparativum
744 2853 809 2904 pnr-
861 2839 1039 2891 Dioscorides
1062 2838 1187 2902 15ἶ,79.,
1213 2847 1241 2892 et
1265 2838 1365 2890 Gelrrrs
1389 2840 1420 2902 v,

249 2905 365 2956 ticnlnrn
392 2923 484 2972 quom,
514 2907 569 2958 nisi
597 2907 686 2958 meris
714 2907 809 2956 dicere
859 2911 907 2971 27,
929 2910 969 2958 1³.
988 2907 1107 2958 cicutnrn
1127 2913 1234 2958 tanturn
1253 2923 1423 2958 commemo·

248 2970 322 3023 lrrrnc
347 2971 404 3022 rim
430 2973 459 3025 in
486 2989 519 3024 en
543 2973 604 3040 ipso
628 2973 730 3024 inesse.
766 2972 809 3024 Gi.
861 2981 932 3028 runt.

248 3037 317 3088 Tne.
336 3038 404 3090 Anu.
423 3039 447 3105 l,
465 3043 507 3090 58.
528 3041 623 3092 Pncern
663 3058 734 3092 unm
752 3041 808 3091 hel·
894 3042 976 3094 trabit
995 3041 1031 3092 nd
1051 3059 1105 3094 rese
1126 3040 1249 3106 colocen]
1268 3039 1354 3092 immo
1373 3057 1423 3094 ex·

247 3107 302 3184 lurp
317 3107 475 3171 probabam,
492 3107 540 3158 ubi
558 3108 613 3158 rid.
631 3059 809 3173 aupertinrn,
861 3109 929 3162 citat
946 3108 991 3160 rel
1014 3116 1122 3174 nrorct,
1151 3116 1181 3161 nt
1208 3109 1248 3160 cit
1270 3107 1370 3158 cetae·
1390 3108 1422 3170 l',

247 3185 295 3236 qut
321 3174 403 3236 plnrtt
426 3173 563 3224 eiusmodi
589 3175 718 3241 exemplo
743 3192 809 3226 eon·
859 3179 908 3238 21,
926 3181 954 3228 8·
990 3175 1087 3242 linque
1119 3176 1214 3228 sinum
1244 3192 1296 3226 non
1328 3174 1423 3226 minua

247 3238 339 3356 §escit
367 3239 421 3290 rol.
453 3239 496 3290 lt.
527 3258 553 3308 p.
585 3245 660 3304 808,
694 3240 807 3294 cornel·
859 3243 915 3294 dici
938 3248 1031 3310 potest
1052 3242 1191 3308 calidum,
1216 3258 1299 3308 quern
1326 3241 1425 3294 nenni-

273 3305 441 3370 ep.Dstem.
459 3311 486 3372 8,
508 3311 529 3359 l.
557 3309 658 3360 b'tatnil
681 3311 809 3377 congredi
860 3318 917 3362 torn
951 3309 1102 3377 trigidum
1135 3305 1321 3378 &epitanensis
1350 3309 1424 3362 dicit

246 3375 809 3495 ἓῧῗῖῑῗωοέὲἕὲῗέψϋέ.’ἏῖΞὲ2
860 3376 1424 3504 ii⁰2⁰⁰ii⁶⁰biza¹n¹'.illidii

247 3481 398 3562 Forcellin.
418 3529 441 3563 s.
461 3527 486 3561 s.
508 3461 613 3594 penult)...
632 3481 810 3592 Quemquam·
859 3483 955 3594 ephee)
966 3479 1124 3593 prinsquam
1137 3461 1329 3580 ‚insidiasque
1340 3481 1422 3592 'niln-

246 3584 466 3699 ittltlttl‘
480 3579 809 3712 tttlt”t:.t.‘.t',tttt:f¹'
860 3580 917 3698 'iil
932 3579 1425 3715 .t¹tt..”t‘.l2“.‡.².t.tlitt.·'.⁰:tt-¹:

281 3714 426 3780 aconitum]
453 3713 553 3776 „llnnd
572 3715 657 3765 dubie
676 3715 809 3764 aconitum
860 3715 992 3766 stimulus.

247 3775 297 3825 lrie
314 3777 504 3844 diciturquorl
525 3780 598 3830 alias
617 3782 711 3831 ciente.
739 3777 809 3829 Nam
894 3783 919 3834 5.
954 3779 1116 3833 admixtione
1139 3779 1192 3845 rari]
1211 3778 1271 3832 i'id·
1289 3778 1426 3847 prolcgg.

249 3857 305 3892 non
333 3845 415 3894 modo
441 3846 514 3910 opud
540 3846 684 3898 Plutarch.
712 3845 732 3896 S
754 3861 809 3911 mp.
862 3865 887 3914 p.
904 3861 999 3899 xxxix.

249 3907 309 3971 111,
324 3913 350 3962 5.
366 3910 475 3976 [extr.],
495 3913 569 3963 unde
589 3921 715 3965 nostrum
734 3861 810 3962 hun·
894 3921 919 3964 t.
954 3912 1098 3980 pnpnccrir
1115 3929 1177 3963 anco
1199 3913 1266 3979 eet-J
1290 3910 1336 3964 Ol.
1354 3929 1379 3962 e.
1396 3915 1425 3964 5.

250 3973 322 4028 sisse
338 3977 408 4030 entis
426 3983 545 4040 corretat,
564 3979 598 4028 de
615 3978 727 4045 κωνείῳ,
745 3978 774 4028 h.
786 3995 810 4030 e.
861 3982 938 4044 526.
966 3979 1041 4030 Cela.
1060 3978 1090 4038 V,
1109 3981 1179 4042 25,1
1197 3985 1225 4032 et
1242 3983 1269 4029 2.

249 4043 350 4108 cicuta,
369 4061 460 4096 seruo
482 4052 541 4111 est,
563 4047 612 4096 sed
631 4046 718 4096 etiarn
736 4046 808 4109 quod
895 4053 919 4098 8.
955 4063 1025 4098 mero
1047 4044 1181 4164 piurima
1200 4043 1373 4098 Pluterchns
1392 4061 1423 4110 p.

249 4112 361 4164 aconito
388 4111 438 4163 bic
470 4112 565 4164 eudem
600 4111 643 4162 ris
676 4112 810 4164 trihnitnr
861 4117 919 4163 652.
940 4115 971 4163 D.
991 4111 1076 4163 dicit:
1106 4110 1133 4162 oi
1198 4113 1320 4171 πίνοντες
1335 4107 1424 4162 πολὺ

249 4193 331 4244 quern
350 4180 459 4233 cicutae
478 4178 564 4230 tribui
587 4180 632 4230 rel
656 4193 690 4230 ex
714 4178 810 4230 Pluto·
860 4173 990 4244 ἄκρατον.

248 4245 293 4299 nia
312 4247 461 4300 Phaedone
484 4250 600 4298 conant.
634 4244 714 4296 conl.
735 4236 809 4296 bles!
894 4263 940 4298 nec
954 4247 1077 4298 idonenrn
1092 4247 1254 4314 conceptioni
1270 4243 1370 4324 serunt]
1383 4245 1426 4296 le·

249 4312 349 4366 cosini.
366 4315 429 4366 l'nr.
448 4315 512 4366 leet.
548 4350 555 4365 .
575 4315 654 4364 lw‘
673 4313 759 4364 Zsurr.
776 4339 808 4352 -
859 4313 982 4378 gendum
1001 4329 1064 4366 esse
1084 4313 1165 4365 docet
1188 4319 1217 4366 ct
1237 4327 1336 4364 sensns
1359 4325 1425 4376 tpse

249 4373 358 4434 Plinio·
381 4380 414 4433 ll.
432 4381 469 4434 ll.
493 4381 515 4434 X
545 4379 603 4445 lll,
623 4384 635 4430 l
646 4420 654 4448 ,
674 4399 697 4433 a.
716 4383 758 4432 23.
783 4385 810 4431 ct
859 4379 1186 4446 cotienscumque
1204 4395 1227 4432 c.
1245 4378 1344 4434 bahets
1366 4375 1427 4432 Καὶ
