<?xml version="1.0" encoding="UTF-8"?>
<!DOCTYPE html PUBLIC "-//W3C//DTD XHTML 1.0 Transitional//EN"
    "http://www.w3.org/TR/xhtml1/DTD/xhtml1-transitional.dtd">
<html xmlns="http://www.w3.org/1999/xhtml" xml:lang="en" lang="en">
 <head>
  <title>
</title>
<meta http-equiv="Content-Type" content="text/html;charset=utf-8" />
  <meta name='ocr-system' content='tesseract 3.04.00' />
  <meta name='ocr-capabilities' content='ocr_page ocr_carea ocr_par ocr_line ocrx_word'/>
</head>
<body>
  <div class='ocr_page' id='page_1' title='image "./macrobiiambrosi00jangoog_0603.png"; bbox 0 0 3042 4900; ppageno 0'>
   <div class='ocr_carea' id='block_1_1' title="bbox 341 72 1327 157">
    <p class='ocr_par' dir='ltr' id='par_1_1' title="bbox 341 72 1327 157">
     <span class='ocr_line' id='line_1_1' title="bbox 341 72 1327 157; baseline 0.021 -21"><span class='ocrx_word' id='word_1_1' title='bbox 341 72 704 141; x_wconf 77' lang='lat' dir='ltr'><strong>SATURNALIORUM</strong></span> <span class='ocrx_word' id='word_1_2' title='bbox 726 76 804 141; x_wconf 88' lang='lat' dir='ltr'><strong>LlB.</strong></span> <span class='ocrx_word' id='word_1_3' title='bbox 828 80 896 144; x_wconf 90' lang='lat' dir='ltr'><strong>Vll.</strong></span> <span class='ocrx_word' id='word_1_4' title='bbox 920 83 1011 147; x_wconf 78' lang='lat' dir='ltr'><strong>GAP.</strong></span> <span class='ocrx_word' id='word_1_5' title='bbox 1034 87 1085 149; x_wconf 85' lang='lat' dir='ltr'><strong>tv.</strong></span> <span class='ocrx_word' id='word_1_6' title='bbox 1107 91 1142 153; x_wconf 86' lang='lat' dir='ltr'><strong>V.</strong></span> <span class='ocrx_word' id='word_1_7' title='bbox 1264 92 1327 157; x_wconf 78' lang='grc'><strong>579</strong></span> 
     </span>
    </p>
   </div>
   <div class='ocr_carea' id='block_1_2' title="bbox 148 239 1355 508">
    <p class='ocr_par' dir='ltr' id='par_1_2' title="bbox 148 239 1355 508">
     <span class='ocr_line' id='line_1_2' title="bbox 149 239 1329 341; baseline 0.014 -34"><span class='ocrx_word' id='word_1_8' title='bbox 149 240 225 339; x_wconf 68' lang='lat' dir='ltr'><strong>deor</strong></span> <span class='ocrx_word' id='word_1_9' title='bbox 244 239 303 305; x_wconf 83' lang='lat' dir='ltr'><strong>hoo</strong></span> <span class='ocrx_word' id='word_1_10' title='bbox 322 240 424 323; x_wconf 89' lang='lat' dir='ltr'><strong>ipsum</strong></span> <span class='ocrx_word' id='word_1_11' title='bbox 443 240 474 305; x_wconf 94' lang='lat' dir='ltr'><strong>in</strong></span> <span class='ocrx_word' id='word_1_12' title='bbox 496 260 698 341; x_wconf 29' lang='lat' dir='ltr'><strong>quouspmus,</strong></span> <span class='ocrx_word' id='word_1_13' title='bbox 719 244 790 309; x_wconf 87' lang='lat' dir='ltr'><strong>licet</strong></span> <span class='ocrx_word' id='word_1_14' title='bbox 812 246 950 313; x_wconf 87' lang='lat' dir='ltr'><strong>sobrium</strong></span> <span class='ocrx_word' id='word_1_15' title='bbox 971 249 1027 326; x_wconf 88' lang='lat' dir='ltr'><strong>sit,</strong></span> <span class='ocrx_word' id='word_1_16' title='bbox 1049 257 1166 331; x_wconf 73' lang='lat' dir='ltr'><strong>umen,</strong></span> <span class='ocrx_word' id='word_1_17' title='bbox 1187 259 1260 341; x_wconf 87' lang='lat' dir='ltr'><strong>quia</strong></span> <span class='ocrx_word' id='word_1_18' title='bbox 1279 280 1329 325; x_wconf 87' lang='lat' dir='ltr'><strong>va-</strong></span> 
     </span>
     <span class='ocr_line' id='line_1_3' title="bbox 148 333 670 403; baseline 0 -12"><span class='ocrx_word' id='word_1_19' title='bbox 148 346 232 392; x_wconf 81' lang='lat' dir='ltr'><strong>rrum</strong></span> <span class='ocrx_word' id='word_1_20' title='bbox 250 333 306 403; x_wconf 83' lang='lat' dir='ltr'><strong>est,</strong></span> <span class='ocrx_word' id='word_1_21' title='bbox 325 344 468 391; x_wconf 74' lang='lat' dir='ltr'><strong>amusare</strong></span> <span class='ocrx_word' id='word_1_22' title='bbox 487 346 670 393; x_wconf 72' lang='lat' dir='ltr'><strong>conatuum.</strong></span> 
     </span>
     <span class='ocr_line' id='line_1_4' title="bbox 237 410 1355 508; baseline 0.014 -35"><span class='ocrx_word' id='word_1_23' title='bbox 237 410 274 473; x_wconf 89' lang='lat' dir='ltr'><strong>V.</strong></span> <span class='ocrx_word' id='word_1_24' title='bbox 326 410 410 475; x_wconf 87' lang='lat' dir='ltr'><strong>llaec</strong></span> <span class='ocrx_word' id='word_1_25' title='bbox 433 430 504 475; x_wconf 87' lang='lat' dir='ltr'><strong>oum</strong></span> <span class='ocrx_word' id='word_1_26' title='bbox 525 412 720 477; x_wconf 79' lang='lat' dir='ltr'><strong>Praetextato</strong></span> <span class='ocrx_word' id='word_1_27' title='bbox 747 418 779 477; x_wconf 87' lang='lat' dir='ltr'><strong>et</strong></span> <span class='ocrx_word' id='word_1_28' title='bbox 806 414 916 479; x_wconf 89' lang='lat' dir='ltr'><strong>ceteris</strong></span> <span class='ocrx_word' id='word_1_29' title='bbox 939 434 1034 499; x_wconf 88' lang='lat' dir='ltr'><strong>prone</strong></span> <span class='ocrx_word' id='word_1_30' title='bbox 1059 418 1242 487; x_wconf 79' lang='lat' dir='ltr'><strong>adsensione</strong></span> <span class='ocrx_word' id='word_1_31' title='bbox 1267 424 1355 508; x_wconf 87' lang='lat' dir='ltr'><strong>pla-t</strong></span> 
     </span>
    </p>
   </div>
   <div class='ocr_carea' id='block_1_3' title="bbox 146 494 1355 1603">
    <p class='ocr_par' dir='ltr' id='par_1_3' title="bbox 146 494 1355 1603">
     <span class='ocr_line' id='line_1_5' title="bbox 148 494 1328 591; baseline 0.011 -30"><span class='ocrx_word' id='word_1_32' title='bbox 148 495 296 571; x_wconf 90' lang='lat' dir='ltr'><strong>cuissent,</strong></span> <span class='ocrx_word' id='word_1_33' title='bbox 314 494 491 579; x_wconf 76' lang='lat' dir='ltr'><strong>Euangelus</strong></span> <span class='ocrx_word' id='word_1_34' title='bbox 508 497 701 563; x_wconf 82' lang='lat' dir='ltr'><strong>exclamavit:</strong></span> <span class='ocrx_word' id='word_1_35' title='bbox 720 495 804 564; x_wconf 90' lang='lat' dir='ltr'><strong>Nihil</strong></span> <span class='ocrx_word' id='word_1_36' title='bbox 822 504 884 563; x_wconf 90' lang='lat' dir='ltr'><strong>tam</strong></span> <span class='ocrx_word' id='word_1_37' title='bbox 903 498 1061 585; x_wconf 89' lang='lat' dir='ltr'><strong>indignum</strong></span> <span class='ocrx_word' id='word_1_38' title='bbox 1085 502 1219 570; x_wconf 89' lang='lat' dir='ltr'><strong>toleratu</strong></span> <span class='ocrx_word' id='word_1_39' title='bbox 1235 526 1328 591; x_wconf 89' lang='lat' dir='ltr'><strong>quam</strong></span> 
     </span>
     <span class='ocr_line' id='line_1_6' title="bbox 146 579 1327 667; baseline 0.011 -23"><span class='ocrx_word' id='word_1_40' title='bbox 146 580 235 667; x_wconf 90' lang='lat' dir='ltr'><strong>quod</strong></span> <span class='ocrx_word' id='word_1_41' title='bbox 256 598 346 643; x_wconf 85' lang='lat' dir='ltr'><strong>aures</strong></span> <span class='ocrx_word' id='word_1_42' title='bbox 365 587 485 644; x_wconf 88' lang='lat' dir='ltr'><strong>nostras</strong></span> <span class='ocrx_word' id='word_1_43' title='bbox 507 579 623 645; x_wconf 87' lang='lat' dir='ltr'><strong>Graeca</strong></span> <span class='ocrx_word' id='word_1_44' title='bbox 645 582 750 665; x_wconf 84' lang='lat' dir='ltr'><strong>lingna</strong></span> <span class='ocrx_word' id='word_1_45' title='bbox 772 582 905 665; x_wconf 83' lang='lat' dir='ltr'><strong>captivas</strong></span> <span class='ocrx_word' id='word_1_46' title='bbox 926 592 1020 661; x_wconf 70' lang='lat' dir='ltr'><strong>unet,</strong></span> <span class='ocrx_word' id='word_1_47' title='bbox 1041 593 1072 651; x_wconf 84' lang='lat' dir='ltr'><strong>et</strong></span> <span class='ocrx_word' id='word_1_48' title='bbox 1093 590 1257 655; x_wconf 81' lang='lat' dir='ltr'><strong>verborum</strong></span> <span class='ocrx_word' id='word_1_49' title='bbox 1278 613 1327 657; x_wconf 88' lang='lat' dir='ltr'><strong>ro·</strong></span> 
     </span>
     <span class='ocr_line' id='line_1_7' title="bbox 148 663 1327 748; baseline 0.011 -18"><span class='ocrx_word' id='word_1_50' title='bbox 148 664 295 731; x_wconf 89' lang='lat' dir='ltr'><strong>tunditeti</strong></span> <span class='ocrx_word' id='word_1_51' title='bbox 318 663 464 729; x_wconf 75' lang='lat' dir='ltr'><strong>adsentiri</strong></span> <span class='ocrx_word' id='word_1_52' title='bbox 493 666 632 748; x_wconf 81' lang='lat' dir='ltr'><strong>cogimur</strong></span> <span class='ocrx_word' id='word_1_53' title='bbox 657 666 854 731; x_wconf 83' lang='lat' dir='ltr'><strong>circumventi</strong></span> <span class='ocrx_word' id='word_1_54' title='bbox 879 668 1070 735; x_wconf 76' lang='lat' dir='ltr'><strong>volubilitate</strong></span> <span class='ocrx_word' id='word_1_55' title='bbox 1098 675 1248 739; x_wconf 86' lang='lat' dir='ltr'><strong>sermonis</strong></span> <span class='ocrx_word' id='word_1_56' title='bbox 1295 678 1327 743; x_wconf 92' lang='lat' dir='ltr'><strong>ui</strong></span> 
     </span>
     <span class='ocr_line' id='line_1_8' title="bbox 147 696 1349 842; baseline 0.01 -29"><span class='ocrx_word' id='word_1_57' title='bbox 147 750 188 815; x_wconf 85' lang='lat' dir='ltr'><strong>ed</strong></span> <span class='ocrx_word' id='word_1_58' title='bbox 210 749 452 831; x_wconf 78' lang='lat' dir='ltr'><strong>extorquendam</strong></span> <span class='ocrx_word' id='word_1_59' title='bbox 478 748 569 815; x_wconf 86' lang='lat' dir='ltr'><strong>fidem</strong></span> <span class='ocrx_word' id='word_1_60' title='bbox 592 750 655 834; x_wconf 92' lang='lat' dir='ltr'><strong>ogit</strong></span> <span class='ocrx_word' id='word_1_61' title='bbox 677 750 709 815; x_wconf 91' lang='lat' dir='ltr'><strong>in</strong></span> <span class='ocrx_word' id='word_1_62' title='bbox 728 751 887 817; x_wconf 83' lang='lat' dir='ltr'><strong>audientes</strong></span> <span class='ocrx_word' id='word_1_63' title='bbox 909 761 1082 839; x_wconf 76' lang='lat' dir='ltr'><strong>tyrannum.</strong></span> <span class='ocrx_word' id='word_1_64' title='bbox 1124 758 1166 821; x_wconf 86' lang='lat' dir='ltr'><strong>Et</strong></span> <span class='ocrx_word' id='word_1_65' title='bbox 1185 760 1257 842; x_wconf 86' lang='lat' dir='ltr'><strong>qnia</strong></span> <span class='ocrx_word' id='word_1_66' title='bbox 1273 696 1349 827; x_wconf 66' lang='lat' dir='ltr'><strong>hist</strong></span> 
     </span>
     <span class='ocr_line' id='line_1_9' title="bbox 148 832 1327 922; baseline 0.01 -23"><span class='ocrx_word' id='word_1_67' title='bbox 148 832 297 919; x_wconf 91' lang='lat' dir='ltr'><strong>loquendi</strong></span> <span class='ocrx_word' id='word_1_68' title='bbox 322 832 503 918; x_wconf 74' lang='lat' dir='ltr'><strong>labyrinthis</strong></span> <span class='ocrx_word' id='word_1_69' title='bbox 523 834 646 919; x_wconf 82' lang='lat' dir='ltr'><strong>inpares</strong></span> <span class='ocrx_word' id='word_1_70' title='bbox 667 854 725 900; x_wconf 88' lang='lat' dir='ltr'><strong>nos</strong></span> <span class='ocrx_word' id='word_1_71' title='bbox 746 834 892 915; x_wconf 82' lang='lat' dir='ltr'><strong>latemur,</strong></span> <span class='ocrx_word' id='word_1_72' title='bbox 926 858 998 922; x_wconf 88' lang='lat' dir='ltr'><strong>aga,</strong></span> <span class='ocrx_word' id='word_1_73' title='bbox 1033 840 1132 917; x_wconf 87' lang='lat' dir='ltr'><strong>Vetti,</strong></span> <span class='ocrx_word' id='word_1_74' title='bbox 1167 841 1327 911; x_wconf 88' lang='lat' dir='ltr'><strong>hortemur</strong></span> 
     </span>
     <span class='ocr_line' id='line_1_10' title="bbox 146 918 1325 1010; baseline 0.011 -27"><span class='ocrx_word' id='word_1_75' title='bbox 146 918 346 984; x_wconf 64' lang='lat' dir='ltr'><strong>fflsutbium</strong></span> <span class='ocrx_word' id='word_1_76' title='bbox 369 926 405 983; x_wconf 92' lang='lat' dir='ltr'><strong>ut</strong></span> <span class='ocrx_word' id='word_1_77' title='bbox 431 926 553 1002; x_wconf 91' lang='lat' dir='ltr'><strong>recepta</strong></span> <span class='ocrx_word' id='word_1_78' title='bbox 580 920 732 984; x_wconf 86' lang='lat' dir='ltr'><strong>contraria</strong></span> <span class='ocrx_word' id='word_1_79' title='bbox 760 920 970 1006; x_wconf 90' lang='lat' dir='ltr'><strong>disputatione</strong></span> <span class='ocrx_word' id='word_1_80' title='bbox 992 924 1140 1010; x_wconf 88' lang='lat' dir='ltr'><strong>quicquid</strong></span> <span class='ocrx_word' id='word_1_81' title='bbox 1186 947 1221 991; x_wconf 89' lang='lat' dir='ltr'><strong>ru</strong></span> <span class='ocrx_word' id='word_1_82' title='bbox 1242 930 1325 996; x_wconf 87' lang='lat' dir='ltr'><strong>varin</strong></span> 
     </span>
     <span class='ocr_line' id='line_1_11' title="bbox 148 948 1326 1099; baseline 0.01 -32"><span class='ocrx_word' id='word_1_83' title='bbox 148 1003 220 1067; x_wconf 89' lang='lat' dir='ltr'><strong>cibo</strong></span> <span class='ocrx_word' id='word_1_84' title='bbox 238 1003 300 1067; x_wconf 90' lang='lat' dir='ltr'><strong>dici</strong></span> <span class='ocrx_word' id='word_1_85' title='bbox 321 1010 423 1086; x_wconf 86' lang='lat' dir='ltr'><strong>potest</strong></span> <span class='ocrx_word' id='word_1_86' title='bbox 447 1003 520 1069; x_wconf 84' lang='lat' dir='ltr'><strong>velit</strong></span> <span class='ocrx_word' id='word_1_87' title='bbox 537 1005 765 1072; x_wconf 84' lang='lat' dir='ltr'><strong>communicare</strong></span> <span class='ocrx_word' id='word_1_88' title='bbox 787 1006 963 1084; x_wconf 88' lang='lat' dir='ltr'><strong>nobiseum,</strong></span> <span class='ocrx_word' id='word_1_89' title='bbox 993 1017 1029 1072; x_wconf 91' lang='lat' dir='ltr'><strong>ut</strong></span> <span class='ocrx_word' id='word_1_90' title='bbox 1049 1010 1112 1075; x_wconf 93' lang='lat' dir='ltr'><strong>suis</strong></span> <span class='ocrx_word' id='word_1_91' title='bbox 1134 948 1202 1077; x_wconf 54' lang='lat' dir='ltr'><strong>teris</strong></span> <span class='ocrx_word' id='word_1_92' title='bbox 1224 1013 1326 1099; x_wconf 90' lang='lat' dir='ltr'><strong>lingua</strong></span> 
     </span>
     <span class='ocr_line' id='line_1_12' title="bbox 148 1088 1326 1181; baseline 0.008 -27"><span class='ocrx_word' id='word_1_93' title='bbox 148 1088 282 1154; x_wconf 78' lang='lat' dir='ltr'><strong>violenta</strong></span> <span class='ocrx_word' id='word_1_94' title='bbox 314 1088 496 1153; x_wconf 90' lang='lat' dir='ltr'><strong>succumbat</strong></span> <span class='ocrx_word' id='word_1_95' title='bbox 527 1094 559 1151; x_wconf 92' lang='lat' dir='ltr'><strong>et</strong></span> <span class='ocrx_word' id='word_1_96' title='bbox 594 1089 732 1157; x_wconf 87' lang='lat' dir='ltr'><strong>Graecus</strong></span> <span class='ocrx_word' id='word_1_97' title='bbox 765 1088 883 1153; x_wconf 87' lang='lat' dir='ltr'><strong>Graeco</strong></span> <span class='ocrx_word' id='word_1_98' title='bbox 915 1091 1025 1175; x_wconf 87' lang='lat' dir='ltr'><strong>eripiat</strong></span> <span class='ocrx_word' id='word_1_99' title='bbox 1057 1093 1139 1159; x_wconf 90' lang='lat' dir='ltr'><strong>huno</strong></span> <span class='ocrx_word' id='word_1_100' title='bbox 1175 1097 1326 1181; x_wconf 86' lang='lat' dir='ltr'><strong>plausum,</strong></span> 
     </span>
     <span class='ocr_line' id='line_1_13' title="bbox 147 1170 1355 1261; baseline 0.008 -22"><span class='ocrx_word' id='word_1_101' title='bbox 147 1180 305 1256; x_wconf 62' lang='lat' dir='ltr'><strong>umquam</strong></span> <span class='ocrx_word' id='word_1_102' title='bbox 339 1171 445 1235; x_wconf 83' lang='lat' dir='ltr'><strong>cornix</strong></span> <span class='ocrx_word' id='word_1_103' title='bbox 472 1170 586 1237; x_wconf 86' lang='lat' dir='ltr'><strong>cornici</strong></span> <span class='ocrx_word' id='word_1_104' title='bbox 614 1174 721 1239; x_wconf 87' lang='lat' dir='ltr'><strong>oculos</strong></span> <span class='ocrx_word' id='word_1_105' title='bbox 752 1173 885 1239; x_wconf 80' lang='lat' dir='ltr'><strong>effodiat.</strong></span> <span class='ocrx_word' id='word_1_106' title='bbox 929 1176 972 1239; x_wconf 87' lang='lat' dir='ltr'><strong>Et</strong></span> <span class='ocrx_word' id='word_1_107' title='bbox 999 1176 1213 1261; x_wconf 73' lang='lat' dir='ltr'><strong>Symmachus:</strong></span> <span class='ocrx_word' id='word_1_108' title='bbox 1249 1184 1355 1249; x_wconf 85' lang='lat' dir='ltr'><strong>Rem3</strong></span> 
     </span>
     <span class='ocr_line' id='line_1_14' title="bbox 148 1254 1325 1343; baseline 0.008 -23"><span class='ocrx_word' id='word_1_109' title='bbox 148 1256 323 1332; x_wconf 88' lang='lat' dir='ltr'><strong>iocundam,</strong></span> <span class='ocrx_word' id='word_1_110' title='bbox 340 1254 506 1338; x_wconf 90' lang='lat' dir='ltr'><strong>Euangele,</strong></span> <span class='ocrx_word' id='word_1_111' title='bbox 523 1257 656 1322; x_wconf 86' lang='lat' dir='ltr'><strong>amarius</strong></span> <span class='ocrx_word' id='word_1_112' title='bbox 677 1257 849 1343; x_wconf 89' lang='lat' dir='ltr'><strong>postulasti.</strong></span> <span class='ocrx_word' id='word_1_113' title='bbox 893 1257 1018 1323; x_wconf 78' lang='lat' dir='ltr'><strong>Audere</strong></span> <span class='ocrx_word' id='word_1_114' title='bbox 1038 1260 1118 1325; x_wconf 92' lang='lat' dir='ltr'><strong>enim</strong></span> <span class='ocrx_word' id='word_1_115' title='bbox 1137 1270 1243 1327; x_wconf 89' lang='lat' dir='ltr'><strong>contra</strong></span> <span class='ocrx_word' id='word_1_116' title='bbox 1263 1273 1325 1329; x_wconf 91' lang='lat' dir='ltr'><strong>tam</strong></span> 
     </span>
     <span class='ocr_line' id='line_1_15' title="bbox 151 1339 1326 1431; baseline 0.009 -28"><span class='ocrx_word' id='word_1_117' title='bbox 151 1340 277 1423; x_wconf 85' lang='lat' dir='ltr'><strong>copiose</strong></span> <span class='ocrx_word' id='word_1_118' title='bbox 305 1348 337 1405; x_wconf 92' lang='lat' dir='ltr'><strong>et</strong></span> <span class='ocrx_word' id='word_1_119' title='bbox 364 1339 520 1423; x_wconf 86' lang='lat' dir='ltr'><strong>eleganter</strong></span> <span class='ocrx_word' id='word_1_120' title='bbox 542 1341 663 1407; x_wconf 82' lang='lat' dir='ltr'><strong>inrcnu</strong></span> <span class='ocrx_word' id='word_1_121' title='bbox 684 1364 734 1407; x_wconf 89' lang='lat' dir='ltr'><strong>res</strong></span> <span class='ocrx_word' id='word_1_122' title='bbox 756 1349 802 1407; x_wconf 91' lang='lat' dir='ltr'><strong>est</strong></span> <span class='ocrx_word' id='word_1_123' title='bbox 824 1362 903 1428; x_wconf 87' lang='lat' dir='ltr'><strong>quae</strong></span> <span class='ocrx_word' id='word_1_124' title='bbox 926 1340 1036 1409; x_wconf 85' lang='lat' dir='ltr'><strong>babeat</strong></span> <span class='ocrx_word' id='word_1_125' title='bbox 1060 1344 1165 1408; x_wconf 88' lang='lat' dir='ltr'><strong>utilem</strong></span> <span class='ocrx_word' id='word_1_126' title='bbox 1188 1348 1326 1431; x_wconf 83' lang='lat' dir='ltr'><strong>volupta-</strong></span> 
     </span>
     <span class='ocr_line' id='line_1_16' title="bbox 148 1424 1326 1521; baseline 0.01 -34"><span class='ocrx_word' id='word_1_127' title='bbox 148 1431 221 1521; x_wconf 77' lang='lat' dir='ltr'><strong>tem,</strong></span> <span class='ocrx_word' id='word_1_128' title='bbox 242 1424 295 1488; x_wconf 90' lang='lat' dir='ltr'><strong>scd</strong></span> <span class='ocrx_word' id='word_1_129' title='bbox 318 1443 381 1489; x_wconf 91' lang='lat' dir='ltr'><strong>non</strong></span> <span class='ocrx_word' id='word_1_130' title='bbox 403 1430 561 1508; x_wconf 90' lang='lat' dir='ltr'><strong>tamquam</strong></span> <span class='ocrx_word' id='word_1_131' title='bbox 580 1426 709 1510; x_wconf 90' lang='lat' dir='ltr'><strong>ingeniis</strong></span> <span class='ocrx_word' id='word_1_132' title='bbox 730 1426 909 1491; x_wconf 86' lang='lat' dir='ltr'><strong>insidiantes</strong></span> <span class='ocrx_word' id='word_1_133' title='bbox 928 1434 959 1491; x_wconf 91' lang='lat' dir='ltr'><strong>et</strong></span> <span class='ocrx_word' id='word_1_134' title='bbox 980 1428 1121 1512; x_wconf 88' lang='lat' dir='ltr'><strong>gloriosis</strong></span> <span class='ocrx_word' id='word_1_135' title='bbox 1146 1432 1326 1499; x_wconf 89' lang='lat' dir='ltr'><strong>tractatibus</strong></span> 
     </span>
     <span class='ocr_line' id='line_1_17' title="bbox 148 1507 1354 1603; baseline 0.008 -30"><span class='ocrx_word' id='word_1_136' title='bbox 148 1507 320 1575; x_wconf 78' lang='lat' dir='ltr'><strong>inridentes</strong></span> <span class='ocrx_word' id='word_1_137' title='bbox 344 1508 404 1574; x_wconf 93' lang='lat' dir='ltr'><strong>hoc</strong></span> <span class='ocrx_word' id='word_1_138' title='bbox 430 1509 577 1577; x_wconf 74' lang='lat' dir='ltr'><strong>debenus</strong></span> <span class='ocrx_word' id='word_1_139' title='bbox 600 1519 751 1595; x_wconf 82' lang='lat' dir='ltr'><strong>expetere.</strong></span> <span class='ocrx_word' id='word_1_140' title='bbox 792 1512 856 1580; x_wconf 88' lang='lat' dir='ltr'><strong>Nec</strong></span> <span class='ocrx_word' id='word_1_141' title='bbox 877 1512 996 1597; x_wconf 89' lang='lat' dir='ltr'><strong>abnego</strong></span> <span class='ocrx_word' id='word_1_142' title='bbox 1019 1513 1156 1597; x_wconf 90' lang='lat' dir='ltr'><strong>potuisse</strong></span> <span class='ocrx_word' id='word_1_143' title='bbox 1177 1536 1227 1581; x_wconf 90' lang='lat' dir='ltr'><strong>me</strong></span> <span class='ocrx_word' id='word_1_144' title='bbox 1249 1520 1354 1603; x_wconf 83' lang='lat' dir='ltr'><strong>qun-4</strong></span> 
     </span>
    </p>
   </div>
   <div class='ocr_carea' id='block_1_4' title="bbox 945 1722 1255 1792">
    <p class='ocr_par' dir='ltr' id='par_1_4' title="bbox 945 1722 1255 1792">
     <span class='ocr_line' id='line_1_18' title="bbox 945 1722 1255 1792; baseline 0.019 -21"><span class='ocrx_word' id='word_1_145' title='bbox 945 1722 1016 1773; x_wconf 75' lang='lat' dir='ltr'><strong>udo.</strong></span> <span class='ocrx_word' id='word_1_146' title='bbox 1035 1722 1255 1792; x_wconf 65' lang='lat' dir='ltr'><strong>vicelrgspdeb]</strong></span> 
     </span>
    </p>
   </div>
   <div class='ocr_carea' id='block_1_5' title="bbox 145 1800 1326 2473">
    <p class='ocr_par' dir='ltr' id='par_1_5' title="bbox 145 1800 1326 2473">
     <span class='ocr_line' id='line_1_19' title="bbox 216 1800 1324 1873; baseline 0.008 -22"><span class='ocrx_word' id='word_1_147' title='bbox 216 1800 246 1852; x_wconf 83' lang='lat' dir='ltr'><strong>ll.</strong></span> <span class='ocrx_word' id='word_1_148' title='bbox 284 1802 371 1871; x_wconf 80' lang='lat' dir='ltr'><strong>Caput</strong></span> <span class='ocrx_word' id='word_1_149' title='bbox 392 1806 424 1855; x_wconf 89' lang='lat' dir='ltr'><strong>V.</strong></span> <span class='ocrx_word' id='word_1_150' title='bbox 460 1806 558 1857; x_wconf 85' lang='lat' dir='ltr'><strong>Gontro</strong></span> <span class='ocrx_word' id='word_1_151' title='bbox 582 1804 668 1855; x_wconf 83' lang='lat' dir='ltr'><strong>otium</strong></span> <span class='ocrx_word' id='word_1_152' title='bbox 687 1802 856 1871; x_wconf 81' lang='lat' dir='ltr'><strong>multiplicem</strong></span> <span class='ocrx_word' id='word_1_153' title='bbox 876 1804 1004 1869; x_wconf 75' lang='lat' dir='ltr'><strong>aptiorem</strong></span> <span class='ocrx_word' id='word_1_154' title='bbox 1029 1820 1084 1855; x_wconf 85' lang='lat' dir='ltr'><strong>esse</strong></span> <span class='ocrx_word' id='word_1_155' title='bbox 1102 1824 1180 1873; x_wconf 83' lang='lat' dir='ltr'><strong>quom</strong></span> <span class='ocrx_word' id='word_1_156' title='bbox 1204 1808 1238 1859; x_wconf 86' lang='lat' dir='ltr'><strong>ait</strong></span> <span class='ocrx_word' id='word_1_157' title='bbox 1259 1810 1324 1860; x_wconf 86' lang='lat' dir='ltr'><strong>sim·</strong></span> 
     </span>
     <span class='ocr_line' id='line_1_20' title="bbox 150 1868 1326 1942; baseline 0.007 -24"><span class='ocrx_word' id='word_1_158' title='bbox 150 1868 222 1935; x_wconf 80' lang='lat' dir='ltr'><strong>ples.</strong></span> <span class='ocrx_word' id='word_1_159' title='bbox 239 1868 317 1920; x_wconf 81' lang='lat' dir='ltr'><strong>olo-b.</strong></span> <span class='ocrx_word' id='word_1_160' title='bbox 423 1874 447 1921; x_wconf 90' lang='lat' dir='ltr'><strong>l.</strong></span> <span class='ocrx_word' id='word_1_161' title='bbox 473 1871 545 1938; x_wconf 73' lang='lat' dir='ltr'><strong>quod</strong></span> <span class='ocrx_word' id='word_1_162' title='bbox 564 1887 619 1922; x_wconf 90' lang='lat' dir='ltr'><strong>om.</strong></span> <span class='ocrx_word' id='word_1_163' title='bbox 638 1871 690 1921; x_wconf 66' lang='lat' dir='ltr'><strong>tlh.</strong></span> <span class='ocrx_word' id='word_1_164' title='bbox 708 1896 742 1909; x_wconf 90' lang='lat'><strong>·-</strong></span> <span class='ocrx_word' id='word_1_165' title='bbox 766 1871 868 1921; x_wconf 76' lang='lat' dir='ltr'><strong>crocco</strong></span> <span class='ocrx_word' id='word_1_166' title='bbox 888 1872 986 1939; x_wconf 80' lang='lat' dir='ltr'><strong>lingue</strong></span> <span class='ocrx_word' id='word_1_167' title='bbox 1004 1870 1196 1941; x_wconf 65' lang='lat' dir='ltr'><strong>dSldssr-ng.</strong></span> <span class='ocrx_word' id='word_1_168' title='bbox 1232 1884 1326 1942; x_wconf 82' lang='lat' dir='ltr'><strong>grato</strong></span> 
     </span>
     <span class='ocr_line' id='line_1_21' title="bbox 148 1936 1325 2021; baseline 0.007 -36"><span class='ocrx_word' id='word_1_169' title='bbox 148 1936 187 1985; x_wconf 84' lang='lat' dir='ltr'><strong>lin</strong></span> <span class='ocrx_word' id='word_1_170' title='bbox 229 1954 246 1987; x_wconf 93' lang='lat' dir='ltr'><strong>o</strong></span> <span class='ocrx_word' id='word_1_171' title='bbox 265 1937 401 2017; x_wconf 69' lang='lat' dir='ltr'><strong>flrnttge.</strong></span> <span class='ocrx_word' id='word_1_172' title='bbox 437 1939 700 2017; x_wconf 75' lang='lat' dir='ltr'><strong>linguosuegrotp</strong></span> <span class='ocrx_word' id='word_1_173' title='bbox 718 1937 749 1987; x_wconf 78' lang='lat' dir='ltr'><strong>lt.</strong></span> <span class='ocrx_word' id='word_1_174' title='bbox 785 1938 1098 2005; x_wconf 82' lang='lat' dir='ltr'><strong>grotiolisrguoos-s.</strong></span> <span class='ocrx_word' id='word_1_175' title='bbox 1125 1939 1230 2002; x_wconf 83' lang='lat' dir='ltr'><strong>„Forte</strong></span> <span class='ocrx_word' id='word_1_176' title='bbox 1250 1944 1325 2021; x_wconf 80' lang='lat' dir='ltr'><strong>mule</strong></span> 
     </span>
     <span class='ocr_line' id='line_1_22' title="bbox 146 2002 1324 2187; baseline 0.006 -69"><span class='ocrx_word' id='word_1_177' title='bbox 146 2004 528 2138; x_wconf 64' lang='lat' dir='ltr'><strong>ta.‘ttl?⁰t÷:::⁰t¹::tst</strong></span> <span class='ocrx_word' id='word_1_178' title='bbox 545 2002 878 2125; x_wconf 58' lang='grc' dir='ltr'><strong>ἷῖἷὲῗέἶὶἶξὲῗσέἶὲῧ</strong></span> <span class='ocrx_word' id='word_1_179' title='bbox 896 2007 1324 2187; x_wconf 47' lang='grc' dir='ltr'><strong>Ξῖεἱῖἑῗὲξῖᾗὲῗῇἰῗῑῗῂἱὲ</strong></span> 
     </span>
     <span class='ocr_line' id='line_1_23' title="bbox 147 2136 1325 2207; baseline 0.006 -22"><span class='ocrx_word' id='word_1_180' title='bbox 147 2138 328 2203; x_wconf 84' lang='lat' dir='ltr'><strong>comprobare</strong></span> <span class='ocrx_word' id='word_1_181' title='bbox 347 2138 487 2191; x_wconf 88' lang='lat' dir='ltr'><strong>ridetur.“</strong></span> <span class='ocrx_word' id='word_1_182' title='bbox 505 2138 590 2191; x_wconf 81' lang='lat' dir='ltr'><strong>Zeno.</strong></span> <span class='ocrx_word' id='word_1_183' title='bbox 622 2166 648 2177; x_wconf 92' lang='lat'><em>-</em></span> <span class='ocrx_word' id='word_1_184' title='bbox 677 2136 882 2207; x_wconf 80' lang='lat' dir='ltr'><strong>coptioitosE.</strong></span> <span class='ocrx_word' id='word_1_185' title='bbox 909 2166 942 2175; x_wconf 94' lang='lat'>—</span> <span class='ocrx_word' id='word_1_186' title='bbox 968 2142 1063 2188; x_wconf 83' lang='lat' dir='ltr'><strong>tenent</strong></span> <span class='ocrx_word' id='word_1_187' title='bbox 1107 2176 1110 2184; x_wconf 92' lang='lat'>.</span> <span class='ocrx_word' id='word_1_188' title='bbox 1132 2163 1165 2172; x_wconf 97' lang='lat'><em>-</em></span> <span class='ocrx_word' id='word_1_189' title='bbox 1192 2140 1325 2192; x_wconf 78' lang='lat' dir='ltr'><strong>assentire</strong></span> 
     </span>
     <span class='ocr_line' id='line_1_24' title="bbox 147 2202 1323 2273; baseline -0.003 -17"><span class='ocrx_word' id='word_1_190' title='bbox 147 2202 314 2271; x_wconf 72' lang='lat' dir='ltr'><strong>(Aepm.</strong></span> <span class='ocrx_word' id='word_1_191' title='bbox 333 2208 415 2273; x_wconf 84' lang='lat' dir='ltr'><strong>uste.)</strong></span> <span class='ocrx_word' id='word_1_192' title='bbox 436 2208 476 2257; x_wconf 83' lang='lat' dir='ltr'><strong>tlt</strong></span> <span class='ocrx_word' id='word_1_193' title='bbox 496 2207 566 2257; x_wconf 75' lang='lat' dir='ltr'><strong>Ede.</strong></span> <span class='ocrx_word' id='word_1_194' title='bbox 585 2207 705 2273; x_wconf 79' lang='lat' dir='ltr'><strong>-puio</strong></span> <span class='ocrx_word' id='word_1_195' title='bbox 725 2204 761 2256; x_wconf 83' lang='lat' dir='ltr'><strong>od</strong></span> <span class='ocrx_word' id='word_1_196' title='bbox 781 2202 849 2254; x_wconf 80' lang='lat' dir='ltr'><strong>flia.</strong></span> <span class='ocrx_word' id='word_1_197' title='bbox 952 2204 979 2252; x_wconf 75' lang='lat'><strong>2.</strong></span> <span class='ocrx_word' id='word_1_198' title='bbox 1006 2202 1323 2254; x_wconf 68' lang='lat' dir='ltr'><strong>intermittentur.-</strong></span> 
     </span>
     <span class='ocr_line' id='line_1_25' title="bbox 145 2267 1324 2392; baseline 0.002 -5"><span class='ocrx_word' id='word_1_199' title='bbox 145 2271 312 2391; x_wconf 43' lang='lat' dir='ltr'><strong>letti?</strong></span> <span class='ocrx_word' id='word_1_200' title='bbox 336 2267 1324 2392; x_wconf 57' lang='lat' dir='ltr'><strong>¹¹·sssnttttttui’tttf‘l„n,i”tt“t&#39;.“3&#39;”ltt³ttls⁰lll</strong></span> 
     </span>
     <span class='ocr_line' id='line_1_26' title="bbox 145 2350 1318 2473; baseline -0.001 -14"><span class='ocrx_word' id='word_1_201' title='bbox 145 2421 201 2459; x_wconf 84' lang='lat' dir='ltr'><strong>s·e.</strong></span> <span class='ocrx_word' id='word_1_202' title='bbox 221 2433 257 2445; x_wconf 89' lang='lat'><em>-</em></span> <span class='ocrx_word' id='word_1_203' title='bbox 274 2422 318 2459; x_wconf 85' lang='lat' dir='ltr'><strong>ses</strong></span> <span class='ocrx_word' id='word_1_204' title='bbox 334 2406 402 2472; x_wconf 88' lang='lat' dir='ltr'><strong>(csn.</strong></span> <span class='ocrx_word' id='word_1_205' title='bbox 420 2407 482 2473; x_wconf 87' lang='lat' dir='ltr'><strong>est)</strong></span> <span class='ocrx_word' id='word_1_206' title='bbox 500 2405 601 2458; x_wconf 76' lang='grc' dir='ltr'><strong>ΑΡΗΙ.</strong></span> <span class='ocrx_word' id='word_1_207' title='bbox 704 2407 730 2456; x_wconf 80' lang='grc'><strong>4.</strong></span> <span class='ocrx_word' id='word_1_208' title='bbox 755 2402 889 2471; x_wconf 86' lang='lat' dir='ltr'><strong>potuisset</strong></span> <span class='ocrx_word' id='word_1_209' title='bbox 908 2350 948 2454; x_wconf 64' lang='lat' dir='ltr'><strong>nege</strong></span> <span class='ocrx_word' id='word_1_210' title='bbox 968 2401 997 2453; x_wconf 77' lang='grc' dir='ltr'><strong>Α.</strong></span> <span class='ocrx_word' id='word_1_211' title='bbox 1019 2430 1049 2440; x_wconf 96' lang='grc'><strong>-</strong></span> <span class='ocrx_word' id='word_1_212' title='bbox 1070 2403 1220 2470; x_wconf 85' lang='lat' dir='ltr'><strong>praelusio</strong></span> <span class='ocrx_word' id='word_1_213' title='bbox 1238 2406 1269 2458; x_wconf 82' lang='lat' dir='ltr'><strong>d.</strong></span> <span class='ocrx_word' id='word_1_214' title='bbox 1293 2434 1318 2445; x_wconf 82' lang='lat'><em>-</em></span> 
     </span>
    </p>
   </div>
   <div class='ocr_carea' id='block_1_6' title="bbox 144 2587 1324 4457">
    <p class='ocr_par' dir='ltr' id='par_1_6' title="bbox 144 2587 1324 4457">
     <span class='ocr_line' id='line_1_27' title="bbox 147 2587 1321 2658; baseline 0.001 -16"><span class='ocrx_word' id='word_1_215' title='bbox 147 2589 214 2642; x_wconf 83' lang='lat' dir='ltr'><strong>tisni</strong></span> <span class='ocrx_word' id='word_1_216' title='bbox 239 2598 347 2642; x_wconf 75' lang='lat' dir='ltr'><strong>nostros</strong></span> <span class='ocrx_word' id='word_1_217' title='bbox 372 2592 574 2658; x_wconf 71' lang='lat' dir='ltr'><strong>criminibusque</strong></span> <span class='ocrx_word' id='word_1_218' title='bbox 596 2592 708 2655; x_wconf 73' lang='lat' dir='ltr'><strong>socio·</strong></span> <span class='ocrx_word' id='word_1_219' title='bbox 761 2625 786 2638; x_wconf 90' lang='lat'><strong>..</strong></span> <span class='ocrx_word' id='word_1_220' title='bbox 804 2589 981 2655; x_wconf 84' lang='lat' dir='ltr'><strong>percussit,</strong></span> <span class='ocrx_word' id='word_1_221' title='bbox 999 2587 1047 2638; x_wconf 88' lang='lat' dir='ltr'><strong>ubi</strong></span> <span class='ocrx_word' id='word_1_222' title='bbox 1065 2588 1122 2640; x_wconf 83' lang='lat' dir='ltr'><strong>vid.</strong></span> <span class='ocrx_word' id='word_1_223' title='bbox 1140 2589 1321 2654; x_wconf 85' lang='lat' dir='ltr'><strong>sohel.Bob.,</strong></span> 
     </span>
     <span class='ocr_line' id='line_1_28' title="bbox 145 2654 1323 2725; baseline 0.002 -17"><span class='ocrx_word' id='word_1_224' title='bbox 145 2672 223 2709; x_wconf 81' lang='lat' dir='ltr'><strong>snus.</strong></span> <span class='ocrx_word' id='word_1_225' title='bbox 759 2661 824 2719; x_wconf 89' lang='lat' dir='ltr'><strong>etp</strong></span> <span class='ocrx_word' id='word_1_226' title='bbox 853 2654 924 2706; x_wconf 83' lang='lat' dir='ltr'><strong>llos.</strong></span> <span class='ocrx_word' id='word_1_227' title='bbox 948 2657 1052 2717; x_wconf 64' lang='lat' dir='ltr'><strong>imis.</strong></span> <span class='ocrx_word' id='word_1_228' title='bbox 1081 2657 1128 2708; x_wconf 77' lang='lat' dir='ltr'><strong>tir.</strong></span> <span class='ocrx_word' id='word_1_229' title='bbox 1148 2657 1260 2710; x_wconf 68' lang='lat' dir='ltr'><strong>blosius</strong></span> <span class='ocrx_word' id='word_1_230' title='bbox 1277 2661 1323 2725; x_wconf 76' lang='lat' dir='ltr'><strong>gui</strong></span> 
     </span>
     <span class='ocr_line' id='line_1_29' title="bbox 179 2723 1320 2790; baseline 0.004 -18"><span class='ocrx_word' id='word_1_231' title='bbox 179 2723 218 2786; x_wconf 82' lang='lat' dir='ltr'><strong>V,</strong></span> <span class='ocrx_word' id='word_1_232' title='bbox 240 2726 262 2773; x_wconf 86' lang='lat' dir='ltr'><strong>l.</strong></span> <span class='ocrx_word' id='word_1_233' title='bbox 295 2737 382 2790; x_wconf 84' lang='lat' dir='ltr'><strong>prono</strong></span> <span class='ocrx_word' id='word_1_234' title='bbox 410 2724 561 2774; x_wconf 77' lang='lat' dir='ltr'><strong>assensione</strong></span> <span class='ocrx_word' id='word_1_235' title='bbox 589 2723 708 2788; x_wconf 84' lang='lat' dir='ltr'><strong>pioouis·</strong></span> <span class='ocrx_word' id='word_1_236' title='bbox 759 2723 924 2790; x_wconf 72' lang='lat' dir='ltr'><strong>ceruleum</strong></span> <span class='ocrx_word' id='word_1_237' title='bbox 950 2723 1063 2773; x_wconf 80' lang='lat' dir='ltr'><strong>oculos</strong></span> <span class='ocrx_word' id='word_1_238' title='bbox 1090 2725 1272 2788; x_wconf 69' lang='lat' dir='ltr'><strong>confixerit</strong></span> <span class='ocrx_word' id='word_1_239' title='bbox 1295 2763 1320 2777; x_wconf 90' lang='lat'><strong>..</strong></span> 
     </span>
     <span class='ocr_line' id='line_1_30' title="bbox 145 2789 1322 2856; baseline 0.002 -14"><span class='ocrx_word' id='word_1_240' title='bbox 145 2789 212 2855; x_wconf 77' lang='lat' dir='ltr'><strong>seut]</strong></span> <span class='ocrx_word' id='word_1_241' title='bbox 230 2790 249 2840; x_wconf 89' lang='lat' dir='ltr'><strong>i.</strong></span> <span class='ocrx_word' id='word_1_242' title='bbox 267 2805 290 2839; x_wconf 92' lang='lat' dir='ltr'><strong>e.</strong></span> <span class='ocrx_word' id='word_1_243' title='bbox 314 2789 354 2840; x_wconf 85' lang='lat' dir='ltr'><strong>ita</strong></span> <span class='ocrx_word' id='word_1_244' title='bbox 373 2790 556 2856; x_wconf 78' lang='lat' dir='ltr'><strong>placuissent,</strong></span> <span class='ocrx_word' id='word_1_245' title='bbox 574 2798 606 2840; x_wconf 89' lang='lat' dir='ltr'><strong>nt</strong></span> <span class='ocrx_word' id='word_1_246' title='bbox 622 2789 709 2842; x_wconf 86' lang='lat' dir='ltr'><strong>lscilo</strong></span> <span class='ocrx_word' id='word_1_247' title='bbox 759 2795 784 2839; x_wconf 92' lang='lat' dir='ltr'><strong>et</strong></span> <span class='ocrx_word' id='word_1_248' title='bbox 802 2789 836 2838; x_wconf 89' lang='lat' dir='ltr'><strong>nb</strong></span> <span class='ocrx_word' id='word_1_249' title='bbox 851 2789 917 2854; x_wconf 88' lang='lat' dir='ltr'><strong>ipsis</strong></span> <span class='ocrx_word' id='word_1_250' title='bbox 932 2789 1017 2840; x_wconf 81' lang='lat' dir='ltr'><strong>anulis</strong></span> <span class='ocrx_word' id='word_1_251' title='bbox 1034 2789 1219 2844; x_wconf 83' lang='lat' dir='ltr'><strong>iureconsultis</strong></span> <span class='ocrx_word' id='word_1_252' title='bbox 1233 2807 1322 2844; x_wconf 76' lang='lat' dir='ltr'><strong>eerusu</strong></span> 
     </span>
     <span class='ocr_line' id='line_1_31' title="bbox 146 2855 1094 2922; baseline -0.003 -14"><span class='ocrx_word' id='word_1_253' title='bbox 146 2857 234 2909; x_wconf 79' lang='lat' dir='ltr'><strong>ceteri</strong></span> <span class='ocrx_word' id='word_1_254' title='bbox 252 2857 464 2908; x_wconf 73' lang='lat' dir='ltr'><strong>assentirentur.</strong></span> <span class='ocrx_word' id='word_1_255' title='bbox 757 2856 917 2922; x_wconf 88' lang='lat' dir='ltr'><strong>sopientiosr</strong></span> <span class='ocrx_word' id='word_1_256' title='bbox 937 2855 1094 2922; x_wconf 78' lang='lat' dir='ltr'><strong>compilarit.</strong></span> 
     </span>
     <span class='ocr_line' id='line_1_32' title="bbox 178 2921 1321 2991; baseline -0.001 -16"><span class='ocrx_word' id='word_1_257' title='bbox 178 2925 322 2991; x_wconf 71' lang='lat' dir='ltr'><strong>indignum</strong></span> <span class='ocrx_word' id='word_1_258' title='bbox 337 2923 461 2990; x_wconf 63' lang='lat' dir='ltr'><strong>toleras]</strong></span> <span class='ocrx_word' id='word_1_259' title='bbox 484 2921 528 2975; x_wconf 79' lang='lat' dir='ltr'><strong>cl.</strong></span> <span class='ocrx_word' id='word_1_260' title='bbox 544 2922 621 2990; x_wconf 79' lang='lat' dir='ltr'><strong>virg.</strong></span> <span class='ocrx_word' id='word_1_261' title='bbox 640 2924 707 2975; x_wconf 78' lang='lat' dir='ltr'><strong>Aoo.</strong></span> <span class='ocrx_word' id='word_1_262' title='bbox 793 2923 819 2972; x_wconf 77' lang='grc'><strong>8.</strong></span> <span class='ocrx_word' id='word_1_263' title='bbox 856 2921 971 2988; x_wconf 69' lang='lat' dir='ltr'><strong>Addere]</strong></span> <span class='ocrx_word' id='word_1_264' title='bbox 999 2921 1061 2972; x_wconf 85' lang='lat' dir='ltr'><strong>lieo</strong></span> <span class='ocrx_word' id='word_1_265' title='bbox 1079 2922 1196 2974; x_wconf 81' lang='lat' dir='ltr'><strong>verbum</strong></span> <span class='ocrx_word' id='word_1_266' title='bbox 1216 2923 1321 2990; x_wconf 83' lang='lat' dir='ltr'><strong>recepi,</strong></span> 
     </span>
     <span class='ocr_line' id='line_1_33' title="bbox 145 2988 1321 3060; baseline 0 -17"><span class='ocrx_word' id='word_1_267' title='bbox 145 2991 269 3056; x_wconf 53' lang='lat' dir='ltr'><strong>these.</strong></span> <span class='ocrx_word' id='word_1_268' title='bbox 290 2991 641 3060; x_wconf 77' lang='lat' dir='ltr'><strong>Dignootpuoisrdiguo</strong></span> <span class='ocrx_word' id='word_1_269' title='bbox 658 3006 708 3043; x_wconf 85' lang='lat' dir='ltr'><strong>rs·</strong></span> <span class='ocrx_word' id='word_1_270' title='bbox 759 2988 853 3039; x_wconf 87' lang='lat' dir='ltr'><strong>nrinns</strong></span> <span class='ocrx_word' id='word_1_271' title='bbox 882 3003 964 3052; x_wconf 78' lang='lat' dir='ltr'><strong>quesn</strong></span> <span class='ocrx_word' id='word_1_272' title='bbox 995 2997 1078 3040; x_wconf 77' lang='lat' dir='ltr'><strong>autea</strong></span> <span class='ocrx_word' id='word_1_273' title='bbox 1107 2989 1177 3048; x_wconf 87' lang='lat' dir='ltr'><strong>(rid.</strong></span> <span class='ocrx_word' id='word_1_274' title='bbox 1206 2997 1261 3042; x_wconf 91' lang='lat' dir='ltr'><strong>net.</strong></span> <span class='ocrx_word' id='word_1_275' title='bbox 1286 2993 1321 3043; x_wconf 83' lang='lat' dir='ltr'><strong>sd</strong></span> 
     </span>
     <span class='ocr_line' id='line_1_34' title="bbox 146 3055 1322 3122; baseline -0.001 -12"><span class='ocrx_word' id='word_1_276' title='bbox 146 3060 219 3111; x_wconf 86' lang='lat' dir='ltr'><strong>loto</strong></span> <span class='ocrx_word' id='word_1_277' title='bbox 240 3058 402 3121; x_wconf 75' lang='lat' dir='ltr'><strong>Vootsmos.</strong></span> <span class='ocrx_word' id='word_1_278' title='bbox 759 3055 865 3107; x_wconf 79' lang='lat' dir='ltr'><strong>comm.</strong></span> <span class='ocrx_word' id='word_1_279' title='bbox 881 3055 918 3120; x_wconf 95' lang='lat' dir='ltr'><strong>ll,</strong></span> <span class='ocrx_word' id='word_1_280' title='bbox 938 3058 978 3118; x_wconf 77' lang='lat' dir='ltr'><strong>lb,</strong></span> <span class='ocrx_word' id='word_1_281' title='bbox 994 3057 1036 3118; x_wconf 70' lang='lat'><strong>2.)</strong></span> <span class='ocrx_word' id='word_1_282' title='bbox 1052 3055 1207 3121; x_wconf 79' lang='lat' dir='ltr'><strong>haesitans,</strong></span> <span class='ocrx_word' id='word_1_283' title='bbox 1224 3071 1322 3122; x_wconf 80' lang='lat' dir='ltr'><strong>quern·</strong></span> 
     </span>
     <span class='ocr_line' id='line_1_35' title="bbox 184 3121 1324 3193; baseline -0.002 -17"><span class='ocrx_word' id='word_1_284' title='bbox 184 3123 707 3193; x_wconf 73' lang='lat' dir='ltr'><strong>Grseoslinguo1i.e.sersnobomi-</strong></span> <span class='ocrx_word' id='word_1_285' title='bbox 759 3121 802 3175; x_wconf 86' lang='lat' dir='ltr'><strong>uis</strong></span> <span class='ocrx_word' id='word_1_286' title='bbox 829 3121 936 3175; x_wconf 89' lang='lat' dir='ltr'><strong>nullius</strong></span> <span class='ocrx_word' id='word_1_287' title='bbox 958 3123 1064 3174; x_wconf 87' lang='lat' dir='ltr'><strong>codicis</strong></span> <span class='ocrx_word' id='word_1_288' title='bbox 1089 3123 1259 3176; x_wconf 78' lang='lat' dir='ltr'><strong>auctoritate</strong></span> <span class='ocrx_word' id='word_1_289' title='bbox 1284 3124 1324 3175; x_wconf 89' lang='lat' dir='ltr'><strong>sit</strong></span> 
     </span>
     <span class='ocr_line' id='line_1_36' title="bbox 145 3189 1321 3258; baseline -0.001 -15"><span class='ocrx_word' id='word_1_290' title='bbox 145 3191 324 3255; x_wconf 76' lang='lat' dir='ltr'><strong>nisGreoei3</strong></span> <span class='ocrx_word' id='word_1_291' title='bbox 344 3206 406 3242; x_wconf 81' lang='lat' dir='ltr'><strong>narn</strong></span> <span class='ocrx_word' id='word_1_292' title='bbox 425 3191 523 3244; x_wconf 83' lang='lat' dir='ltr'><strong>butino</strong></span> <span class='ocrx_word' id='word_1_293' title='bbox 545 3193 708 3258; x_wconf 83' lang='lat' dir='ltr'><strong>loquentem</strong></span> <span class='ocrx_word' id='word_1_294' title='bbox 758 3189 910 3241; x_wconf 72' lang='lat' dir='ltr'><strong>firmatum.</strong></span> <span class='ocrx_word' id='word_1_295' title='bbox 949 3189 1020 3242; x_wconf 82' lang='lat' dir='ltr'><strong>Nem</strong></span> <span class='ocrx_word' id='word_1_296' title='bbox 1043 3189 1149 3242; x_wconf 84' lang='lat' dir='ltr'><strong>codicis</strong></span> <span class='ocrx_word' id='word_1_297' title='bbox 1168 3189 1205 3252; x_wconf 84' lang='lat' dir='ltr'><strong>P,</strong></span> <span class='ocrx_word' id='word_1_298' title='bbox 1231 3207 1246 3240; x_wconf 91' lang='lat' dir='ltr'><strong>e</strong></span> <span class='ocrx_word' id='word_1_299' title='bbox 1268 3207 1321 3256; x_wconf 85' lang='lat' dir='ltr'><strong>qno</strong></span> 
     </span>
     <span class='ocr_line' id='line_1_37' title="bbox 145 3257 1321 3321; baseline -0.003 -10"><span class='ocrx_word' id='word_1_300' title='bbox 145 3275 210 3312; x_wconf 76' lang='lat' dir='ltr'><strong>oon</strong></span> <span class='ocrx_word' id='word_1_301' title='bbox 232 3257 302 3310; x_wconf 80' lang='lat' dir='ltr'><strong>lusit</strong></span> <span class='ocrx_word' id='word_1_302' title='bbox 318 3258 486 3311; x_wconf 75' lang='lat' dir='ltr'><strong>Macrobius.</strong></span> <span class='ocrx_word' id='word_1_303' title='bbox 513 3258 595 3310; x_wconf 81' lang='lat' dir='ltr'><strong>Gaul.</strong></span> <span class='ocrx_word' id='word_1_304' title='bbox 616 3261 706 3312; x_wconf 74' lang='lat' dir='ltr'><strong>islrar</strong></span> <span class='ocrx_word' id='word_1_305' title='bbox 758 3257 833 3308; x_wconf 82' lang='lat' dir='ltr'><strong>nibil</strong></span> <span class='ocrx_word' id='word_1_306' title='bbox 851 3261 993 3308; x_wconf 80' lang='lat' dir='ltr'><strong>euolutam</strong></span> <span class='ocrx_word' id='word_1_307' title='bbox 1012 3267 1068 3321; x_wconf 87' lang='lat' dir='ltr'><strong>est,</strong></span> <span class='ocrx_word' id='word_1_308' title='bbox 1088 3271 1241 3308; x_wconf 85' lang='lat' dir='ltr'><strong>consensus</strong></span> <span class='ocrx_word' id='word_1_309' title='bbox 1258 3271 1321 3308; x_wconf 87' lang='lat' dir='ltr'><strong>eum</strong></span> 
     </span>
     <span class='ocr_line' id='line_1_38' title="bbox 145 3322 1321 3386; baseline -0.004 -7"><span class='ocrx_word' id='word_1_310' title='bbox 145 3327 317 3379; x_wconf 80' lang='lat' dir='ltr'><strong>circumuenti</strong></span> <span class='ocrx_word' id='word_1_311' title='bbox 341 3326 563 3378; x_wconf 79' lang='lat' dir='ltr'><strong>volubilitate</strong></span> <span class='ocrx_word' id='word_1_312' title='bbox 588 3342 707 3377; x_wconf 79' lang='lat' dir='ltr'><strong>sersto-</strong></span> <span class='ocrx_word' id='word_1_313' title='bbox 759 3325 802 3380; x_wconf 80' lang='lat' dir='ltr'><strong>erl.</strong></span> <span class='ocrx_word' id='word_1_314' title='bbox 819 3325 837 3374; x_wconf 87' lang='lat' dir='ltr'><strong>b</strong></span> <span class='ocrx_word' id='word_1_315' title='bbox 855 3323 908 3374; x_wconf 86' lang='lat' dir='ltr'><strong>hoe</strong></span> <span class='ocrx_word' id='word_1_316' title='bbox 927 3325 989 3374; x_wconf 86' lang='lat' dir='ltr'><strong>loon</strong></span> <span class='ocrx_word' id='word_1_317' title='bbox 1012 3324 1132 3375; x_wconf 82' lang='lat' dir='ltr'><strong>marimo</strong></span> <span class='ocrx_word' id='word_1_318' title='bbox 1150 3322 1252 3374; x_wconf 90' lang='lat' dir='ltr'><strong>dubins</strong></span> <span class='ocrx_word' id='word_1_319' title='bbox 1269 3329 1321 3386; x_wconf 88' lang='lat' dir='ltr'><strong>est,</strong></span> 
     </span>
     <span class='ocr_line' id='line_1_39' title="bbox 144 3389 1321 3457; baseline -0.003 -11"><span class='ocrx_word' id='word_1_320' title='bbox 144 3395 214 3457; x_wconf 82' lang='lat' dir='ltr'><strong>stis,</strong></span> <span class='ocrx_word' id='word_1_321' title='bbox 242 3400 272 3444; x_wconf 91' lang='lat' dir='ltr'><strong>et</strong></span> <span class='ocrx_word' id='word_1_322' title='bbox 289 3411 312 3444; x_wconf 86' lang='lat' dir='ltr'><strong>o.</strong></span> <span class='ocrx_word' id='word_1_323' title='bbox 330 3397 356 3453; x_wconf 88' lang='lat' dir='ltr'><strong>s,</strong></span> <span class='ocrx_word' id='word_1_324' title='bbox 377 3394 394 3456; x_wconf 74' lang='grc'>5</span> <span class='ocrx_word' id='word_1_325' title='bbox 412 3397 436 3445; x_wconf 74' lang='lat'><strong>⁹.</strong></span> <span class='ocrx_word' id='word_1_326' title='bbox 461 3395 543 3445; x_wconf 84' lang='lat' dir='ltr'><strong>uestri</strong></span> <span class='ocrx_word' id='word_1_327' title='bbox 559 3394 708 3445; x_wconf 78' lang='lat' dir='ltr'><strong>crissoto</strong></span> <span class='ocrx_word' id='word_1_328' title='bbox 759 3391 825 3456; x_wconf 85' lang='lat' dir='ltr'><strong>quio</strong></span> <span class='ocrx_word' id='word_1_329' title='bbox 841 3390 869 3441; x_wconf 89' lang='lat' dir='ltr'><strong>in</strong></span> <span class='ocrx_word' id='word_1_330' title='bbox 886 3391 929 3440; x_wconf 90' lang='lat' dir='ltr'><strong>ed.</strong></span> <span class='ocrx_word' id='word_1_331' title='bbox 947 3407 976 3453; x_wconf 91' lang='lat' dir='ltr'><strong>s,</strong></span> <span class='ocrx_word' id='word_1_332' title='bbox 996 3406 1077 3456; x_wconf 84' lang='lat' dir='ltr'><strong>qnam</strong></span> <span class='ocrx_word' id='word_1_333' title='bbox 1096 3405 1129 3440; x_wconf 84' lang='lat' dir='ltr'><strong>ex</strong></span> <span class='ocrx_word' id='word_1_334' title='bbox 1150 3389 1206 3440; x_wconf 88' lang='lat' dir='ltr'><strong>hoo</strong></span> <span class='ocrx_word' id='word_1_335' title='bbox 1224 3390 1321 3442; x_wconf 85' lang='lat' dir='ltr'><strong>codiee</strong></span> 
     </span>
     <span class='ocr_line' id='line_1_40' title="bbox 145 3455 1321 3520; baseline -0.006 -8"><span class='ocrx_word' id='word_1_336' title='bbox 145 3459 352 3513; x_wconf 82' lang='lat' dir='ltr'><strong>volubilitas.</strong></span> <span class='ocrx_word' id='word_1_337' title='bbox 758 3457 863 3508; x_wconf 79' lang='lat' dir='ltr'><strong>tonum</strong></span> <span class='ocrx_word' id='word_1_338' title='bbox 888 3472 951 3508; x_wconf 87' lang='lat' dir='ltr'><strong>esee</strong></span> <span class='ocrx_word' id='word_1_339' title='bbox 976 3461 1099 3518; x_wconf 82' lang='lat' dir='ltr'><strong>constat,</strong></span> <span class='ocrx_word' id='word_1_340' title='bbox 1129 3455 1244 3520; x_wconf 82' lang='lat' dir='ltr'><strong>legetur</strong></span> <span class='ocrx_word' id='word_1_341' title='bbox 1262 3457 1321 3505; x_wconf 85' lang='lat' dir='ltr'><strong>Au-</strong></span> 
     </span>
     <span class='ocr_line' id='line_1_41' title="bbox 219 3521 1322 3636; baseline -0.007 -58"><span class='ocrx_word' id='word_1_342' title='bbox 219 3528 241 3578; x_wconf 88' lang='lat' dir='ltr'><strong>it</strong></span> <span class='ocrx_word' id='word_1_343' title='bbox 261 3527 290 3578; x_wconf 85' lang='lat' dir='ltr'><strong>iss</strong></span> <span class='ocrx_word' id='word_1_344' title='bbox 307 3526 445 3577; x_wconf 74' lang='lat' dir='ltr'><strong>ordientes</strong></span> <span class='ocrx_word' id='word_1_345' title='bbox 461 3527 618 3592; x_wconf 75' lang='lat' dir='ltr'><strong>tyrosinun]</strong></span> <span class='ocrx_word' id='word_1_346' title='bbox 644 3525 664 3576; x_wconf 90' lang='lat' dir='ltr'><strong>i.</strong></span> <span class='ocrx_word' id='word_1_347' title='bbox 683 3541 706 3575; x_wconf 88' lang='lat' dir='ltr'><strong>o.</strong></span> <span class='ocrx_word' id='word_1_348' title='bbox 758 3525 823 3575; x_wconf 86' lang='lat' dir='ltr'><strong>dire.</strong></span> <span class='ocrx_word' id='word_1_349' title='bbox 873 3523 944 3588; x_wconf 83' lang='lat' dir='ltr'><strong>Quis</strong></span> <span class='ocrx_word' id='word_1_350' title='bbox 973 3529 1068 3573; x_wconf 82' lang='lat' dir='ltr'><strong>sutem</strong></span> <span class='ocrx_word' id='word_1_351' title='bbox 1097 3535 1218 3636; x_wconf 61' lang='lat' dir='ltr'><strong>neposne</strong></span> <span class='ocrx_word' id='word_1_352' title='bbox 1250 3521 1322 3571; x_wconf 88' lang='lat' dir='ltr'><strong>disit</strong></span> 
     </span>
     <span class='ocr_line' id='line_1_42' title="bbox 145 3585 1321 3648; baseline -0.009 0"><span class='ocrx_word' id='word_1_353' title='bbox 145 3593 326 3648; x_wconf 71' lang='lat' dir='ltr'><strong>audientibus</strong></span> <span class='ocrx_word' id='word_1_354' title='bbox 339 3592 397 3645; x_wconf 83' lang='lat' dir='ltr'><strong>rim</strong></span> <span class='ocrx_word' id='word_1_355' title='bbox 412 3591 506 3643; x_wconf 73' lang='lat' dir='ltr'><strong>effert.</strong></span> <span class='ocrx_word' id='word_1_356' title='bbox 758 3591 863 3643; x_wconf 82' lang='lat' dir='ltr'><strong>audire</strong></span> <span class='ocrx_word' id='word_1_357' title='bbox 887 3597 979 3640; x_wconf 77' lang='lat' dir='ltr'><strong>oestro</strong></span> <span class='ocrx_word' id='word_1_358' title='bbox 1005 3623 1030 3638; x_wconf 91' lang='lat'><strong>..</strong></span> <span class='ocrx_word' id='word_1_359' title='bbox 1059 3587 1147 3637; x_wconf 85' lang='lat' dir='ltr'><strong>sonso&#39;</strong></span> <span class='ocrx_word' id='word_1_360' title='bbox 1200 3585 1321 3637; x_wconf 82' lang='lat' dir='ltr'><strong>Verbum</strong></span> 
     </span>
     <span class='ocr_line' id='line_1_43' title="bbox 178 3651 1320 3718; baseline -0.01 -6"><span class='ocrx_word' id='word_1_361' title='bbox 178 3665 206 3711; x_wconf 75' lang='lat'><strong>2.</strong></span> <span class='ocrx_word' id='word_1_362' title='bbox 239 3668 295 3712; x_wconf 79' lang='lat' dir='ltr'><strong>taso</strong></span> <span class='ocrx_word' id='word_1_363' title='bbox 332 3675 375 3711; x_wconf 85' lang='lat' dir='ltr'><strong>orn</strong></span> <span class='ocrx_word' id='word_1_364' title='bbox 397 3660 488 3710; x_wconf 81' lang='lat' dir='ltr'><strong>cornis</strong></span> <span class='ocrx_word' id='word_1_365' title='bbox 505 3660 603 3710; x_wconf 74' lang='lat' dir='ltr'><strong>corsici</strong></span> <span class='ocrx_word' id='word_1_366' title='bbox 618 3659 708 3710; x_wconf 86' lang='lat' dir='ltr'><strong>oeulos</strong></span> <span class='ocrx_word' id='word_1_367' title='bbox 758 3658 856 3708; x_wconf 80' lang='lat' dir='ltr'><strong>audere</strong></span> <span class='ocrx_word' id='word_1_368' title='bbox 881 3654 956 3706; x_wconf 83' lang='lat' dir='ltr'><strong>idom</strong></span> <span class='ocrx_word' id='word_1_369' title='bbox 974 3654 1053 3704; x_wconf 80' lang='lat' dir='ltr'><strong>valet</strong></span> <span class='ocrx_word' id='word_1_370' title='bbox 1070 3651 1142 3718; x_wconf 82' lang='lat' dir='ltr'><strong>qnod</strong></span> <span class='ocrx_word' id='word_1_371' title='bbox 1165 3651 1237 3702; x_wconf 82' lang='lat' dir='ltr'><strong>intro</strong></span> <span class='ocrx_word' id='word_1_372' title='bbox 1260 3655 1320 3715; x_wconf 72' lang='lat' dir='ltr'><strong>Sd.</strong></span> 
     </span>
     <span class='ocr_line' id='line_1_44' title="bbox 145 3719 1321 3794; baseline -0.008 -16"><span class='ocrx_word' id='word_1_373' title='bbox 145 3727 265 3794; x_wconf 75' lang='lat' dir='ltr'><strong>effodiet]</strong></span> <span class='ocrx_word' id='word_1_374' title='bbox 329 3727 471 3793; x_wconf 83' lang='lat' dir='ltr'><strong>ortebesg.</strong></span> <span class='ocrx_word' id='word_1_375' title='bbox 507 3727 543 3778; x_wconf 88' lang='lat' dir='ltr'><strong>sd</strong></span> <span class='ocrx_word' id='word_1_376' title='bbox 578 3725 707 3790; x_wconf 84' lang='lat' dir='ltr'><strong>Propoet.</strong></span> <span class='ocrx_word' id='word_1_377' title='bbox 757 3739 835 3774; x_wconf 78' lang='lat' dir='ltr'><strong>senno</strong></span> <span class='ocrx_word' id='word_1_378' title='bbox 866 3728 890 3773; x_wconf 88' lang='lat' dir='ltr'><strong>et</strong></span> <span class='ocrx_word' id='word_1_379' title='bbox 920 3722 1028 3772; x_wconf 78' lang='lat' dir='ltr'><strong>incentu</strong></span> <span class='ocrx_word' id='word_1_380' title='bbox 1058 3719 1162 3771; x_wconf 83' lang='lat' dir='ltr'><strong>Disorii</strong></span> <span class='ocrx_word' id='word_1_381' title='bbox 1188 3726 1321 3770; x_wconf 81' lang='lat' dir='ltr'><strong>contro·</strong></span> 
     </span>
     <span class='ocr_line' id='line_1_45' title="bbox 145 3785 1320 3861; baseline -0.008 -16"><span class='ocrx_word' id='word_1_382' title='bbox 145 3794 232 3858; x_wconf 66' lang='lat' dir='ltr'><strong>me,</strong></span> <span class='ocrx_word' id='word_1_383' title='bbox 255 3793 371 3846; x_wconf 78' lang='lat' dir='ltr'><strong>15.lsoe</strong></span> <span class='ocrx_word' id='word_1_384' title='bbox 391 3790 707 3861; x_wconf 84' lang='lat' dir='ltr'><strong>proverbiositsigoi·</strong></span> <span class='ocrx_word' id='word_1_385' title='bbox 758 3789 826 3840; x_wconf 88' lang='lat' dir='ltr'><strong>ris&#39;s</strong></span> <span class='ocrx_word' id='word_1_386' title='bbox 853 3787 1056 3854; x_wconf 74' lang='lat' dir='ltr'><strong>repellendo.</strong></span> <span class='ocrx_word' id='word_1_387' title='bbox 1094 3785 1139 3837; x_wconf 85' lang='lat' dir='ltr'><strong>ut.</strong></span> <span class='ocrx_word' id='word_1_388' title='bbox 1163 3785 1269 3837; x_wconf 78' lang='lat' dir='ltr'><strong>comm.</strong></span> <span class='ocrx_word' id='word_1_389' title='bbox 1300 3787 1320 3836; x_wconf 91' lang='grc' dir='ltr'><strong>Ι.</strong></span> 
     </span>
     <span class='ocr_line' id='line_1_46' title="bbox 145 3851 1321 3919; baseline -0.005 -9"><span class='ocrx_word' id='word_1_390' title='bbox 145 3857 225 3910; x_wconf 76' lang='lat' dir='ltr'><strong>florei</strong></span> <span class='ocrx_word' id='word_1_391' title='bbox 251 3859 386 3912; x_wconf 86' lang='lat' dir='ltr'><strong>collldnso</strong></span> <span class='ocrx_word' id='word_1_392' title='bbox 413 3859 556 3912; x_wconf 85' lang='lat' dir='ltr'><strong>bominem</strong></span> <span class='ocrx_word' id='word_1_393' title='bbox 582 3874 600 3910; x_wconf 86' lang='lat' dir='ltr'><strong>s</strong></span> <span class='ocrx_word' id='word_1_394' title='bbox 625 3857 708 3910; x_wconf 84' lang='lat' dir='ltr'><strong>eolli-</strong></span> <span class='ocrx_word' id='word_1_395' title='bbox 759 3871 783 3907; x_wconf 86' lang='lat' dir='ltr'><strong>o.</strong></span> <span class='ocrx_word' id='word_1_396' title='bbox 809 3861 838 3906; x_wconf 92' lang='lat' dir='ltr'><strong>et</strong></span> <span class='ocrx_word' id='word_1_397' title='bbox 863 3854 946 3919; x_wconf 79' lang='lat' dir='ltr'><strong>Apul.</strong></span> <span class='ocrx_word' id='word_1_398' title='bbox 973 3851 1080 3906; x_wconf 78' lang='lat' dir='ltr'><strong>Florid.</strong></span> <span class='ocrx_word' id='word_1_399' title='bbox 1105 3853 1156 3915; x_wconf 79' lang='lat' dir='ltr'><strong>lt,</strong></span> <span class='ocrx_word' id='word_1_400' title='bbox 1179 3855 1219 3903; x_wconf 80' lang='lat' dir='ltr'><strong>te.</strong></span> <span class='ocrx_word' id='word_1_401' title='bbox 1247 3853 1321 3904; x_wconf 82' lang='lat' dir='ltr'><strong>lloso</strong></span> 
     </span>
     <span class='ocr_line' id='line_1_47' title="bbox 146 3921 1321 3992; baseline -0.007 -16"><span class='ocrx_word' id='word_1_402' title='bbox 146 3924 226 3976; x_wconf 82' lang='lat' dir='ltr'><strong>dioro</strong></span> <span class='ocrx_word' id='word_1_403' title='bbox 253 3941 315 3977; x_wconf 89' lang='lat' dir='ltr'><strong>esse</strong></span> <span class='ocrx_word' id='word_1_404' title='bbox 339 3926 501 3992; x_wconf 78' lang='lat' dir='ltr'><strong>deceptum,</strong></span> <span class='ocrx_word' id='word_1_405' title='bbox 529 3925 578 3976; x_wconf 89' lang='lat' dir='ltr'><strong>sod</strong></span> <span class='ocrx_word' id='word_1_406' title='bbox 603 3925 707 3976; x_wconf 78' lang='lat' dir='ltr'><strong>adiass</strong></span> <span class='ocrx_word' id='word_1_407' title='bbox 758 3929 837 3974; x_wconf 82' lang='lat' dir='ltr'><strong>tanto</strong></span> <span class='ocrx_word' id='word_1_408' title='bbox 860 3937 893 3972; x_wconf 85' lang='lat' dir='ltr'><strong>os</strong></span> <span class='ocrx_word' id='word_1_409' title='bbox 918 3922 1026 3988; x_wconf 79' lang='lat' dir='ltr'><strong>totiuga</strong></span> <span class='ocrx_word' id='word_1_410' title='bbox 1049 3921 1224 3972; x_wconf 79' lang='lat' dir='ltr'><strong>incitomonto</strong></span> <span class='ocrx_word' id='word_1_411' title='bbox 1249 3935 1321 3970; x_wconf 88' lang='lat' dir='ltr'><strong>eorn-</strong></span> 
     </span>
     <span class='ocr_line' id='line_1_48' title="bbox 146 3985 1320 4045; baseline -0.007 -3"><span class='ocrx_word' id='word_1_412' title='bbox 146 3991 336 4043; x_wconf 83' lang='lat' dir='ltr'><strong>necosssriom</strong></span> <span class='ocrx_word' id='word_1_413' title='bbox 367 4008 384 4043; x_wconf 83' lang='lat' dir='ltr'><strong>u</strong></span> <span class='ocrx_word' id='word_1_414' title='bbox 412 3993 582 4045; x_wconf 81' lang='lat' dir='ltr'><strong>necessario.</strong></span> <span class='ocrx_word' id='word_1_415' title='bbox 623 3991 710 4042; x_wconf 78' lang='lat' dir='ltr'><strong>Eros·</strong></span> <span class='ocrx_word' id='word_1_416' title='bbox 758 3989 851 4040; x_wconf 83' lang='lat' dir='ltr'><strong>munio</strong></span> <span class='ocrx_word' id='word_1_417' title='bbox 867 4005 920 4039; x_wconf 86' lang='lat' dir='ltr'><strong>non</strong></span> <span class='ocrx_word' id='word_1_418' title='bbox 937 3989 1024 4038; x_wconf 85' lang='lat' dir='ltr'><strong>minue</strong></span> <span class='ocrx_word' id='word_1_419' title='bbox 1038 4002 1086 4037; x_wconf 87' lang='lat' dir='ltr'><strong>nos</strong></span> <span class='ocrx_word' id='word_1_420' title='bbox 1103 3985 1140 4036; x_wconf 84' lang='lat' dir='ltr'><strong>ool</strong></span> <span class='ocrx_word' id='word_1_421' title='bbox 1156 3985 1320 4036; x_wconf 85' lang='lat' dir='ltr'><strong>oudienrluns</strong></span> 
     </span>
     <span class='ocr_line' id='line_1_49' title="bbox 146 4051 1321 4126; baseline -0.011 -14"><span class='ocrx_word' id='word_1_422' title='bbox 146 4074 211 4112; x_wconf 85' lang='lat' dir='ltr'><strong>mus</strong></span> <span class='ocrx_word' id='word_1_423' title='bbox 228 4058 317 4126; x_wconf 75' lang='lat' dir='ltr'><strong>Adag.</strong></span> <span class='ocrx_word' id='word_1_424' title='bbox 334 4058 357 4120; x_wconf 88' lang='lat'><strong>1,</strong></span> <span class='ocrx_word' id='word_1_425' title='bbox 374 4061 401 4123; x_wconf 86' lang='lat' dir='ltr'><strong>e,</strong></span> <span class='ocrx_word' id='word_1_426' title='bbox 419 4065 461 4110; x_wconf 74' lang='lat' dir='ltr'><strong>tt.</strong></span> <span class='ocrx_word' id='word_1_427' title='bbox 479 4058 620 4112; x_wconf 87' lang='lat' dir='ltr'><strong>cornicem</strong></span> <span class='ocrx_word' id='word_1_428' title='bbox 638 4057 710 4109; x_wconf 86' lang='lat' dir='ltr'><strong>dicit</strong></span> <span class='ocrx_word' id='word_1_429' title='bbox 756 4057 904 4122; x_wconf 80' lang='lat' dir='ltr'><strong>prolectant</strong></span> <span class='ocrx_word' id='word_1_430' title='bbox 918 4070 997 4120; x_wconf 77' lang='lat' dir='ltr'><strong>quom</strong></span> <span class='ocrx_word' id='word_1_431' title='bbox 1015 4069 1056 4104; x_wconf 82' lang='lat' dir='ltr'><strong>sae</strong></span> <span class='ocrx_word' id='word_1_432' title='bbox 1074 4052 1110 4102; x_wconf 85' lang='lat' dir='ltr'><strong>orl</strong></span> <span class='ocrx_word' id='word_1_433' title='bbox 1133 4051 1321 4103; x_wconf 79' lang='lat' dir='ltr'><strong>audendum</strong></span> 
     </span>
     <span class='ocr_line' id='line_1_50' title="bbox 146 4115 1322 4191; baseline -0.012 -12"><span class='ocrx_word' id='word_1_434' title='bbox 146 4125 302 4191; x_wconf 80' lang='lat' dir='ltr'><strong>antiquitus</strong></span> <span class='ocrx_word' id='word_1_435' title='bbox 326 4124 416 4177; x_wconf 75' lang='lat' dir='ltr'><strong>totus</strong></span> <span class='ocrx_word' id='word_1_436' title='bbox 442 4125 608 4178; x_wconf 77' lang='lat' dir='ltr'><strong>concordius</strong></span> <span class='ocrx_word' id='word_1_437' title='bbox 632 4141 710 4191; x_wconf 79' lang='lat' dir='ltr'><strong>syru-</strong></span> <span class='ocrx_word' id='word_1_438' title='bbox 759 4122 916 4184; x_wconf 85' lang='lat' dir='ltr'><strong>retordont,</strong></span> <span class='ocrx_word' id='word_1_439' title='bbox 941 4120 990 4171; x_wconf 90' lang='lat' dir='ltr'><strong>ubi</strong></span> <span class='ocrx_word' id='word_1_440' title='bbox 1018 4118 1131 4185; x_wconf 87' lang='lat' dir='ltr'><strong>quidem</strong></span> <span class='ocrx_word' id='word_1_441' title='bbox 1160 4115 1322 4168; x_wconf 78' lang='lat' dir='ltr'><strong>audendum</strong></span> 
     </span>
     <span class='ocr_line' id='line_1_51' title="bbox 146 4182 1321 4260; baseline -0.012 -15"><span class='ocrx_word' id='word_1_442' title='bbox 146 4193 250 4245; x_wconf 80' lang='lat' dir='ltr'><strong>bolum.</strong></span> <span class='ocrx_word' id='word_1_443' title='bbox 286 4192 329 4243; x_wconf 68' lang='grc' dir='ltr'><strong>(Ξῖ.</strong></span> <span class='ocrx_word' id='word_1_444' title='bbox 353 4191 413 4244; x_wconf 80' lang='lat' dir='ltr'><strong>cto.</strong></span> <span class='ocrx_word' id='word_1_445' title='bbox 438 4211 464 4260; x_wconf 87' lang='lat' dir='ltr'><strong>p.</strong></span> <span class='ocrx_word' id='word_1_446' title='bbox 485 4193 579 4246; x_wconf 76' lang='lat' dir='ltr'><strong>Flsec.</strong></span> <span class='ocrx_word' id='word_1_447' title='bbox 601 4195 651 4253; x_wconf 70' lang='lat'><strong>2⁰,</strong></span> <span class='ocrx_word' id='word_1_448' title='bbox 666 4193 709 4242; x_wconf 73' lang='lat'><strong>46.</strong></span> <span class='ocrx_word' id='word_1_449' title='bbox 760 4205 776 4238; x_wconf 90' lang='lat' dir='ltr'><strong>e</strong></span> <span class='ocrx_word' id='word_1_450' title='bbox 796 4193 957 4239; x_wconf 83' lang='lat' dir='ltr'><strong>correctura</strong></span> <span class='ocrx_word' id='word_1_451' title='bbox 980 4186 1013 4237; x_wconf 81' lang='lat' dir='ltr'><strong>G.</strong></span> <span class='ocrx_word' id='word_1_452' title='bbox 1033 4182 1126 4235; x_wconf 82' lang='lat' dir='ltr'><strong>Vossli</strong></span> <span class='ocrx_word' id='word_1_453' title='bbox 1147 4188 1243 4233; x_wconf 77' lang='lat' dir='ltr'><strong>netum</strong></span> <span class='ocrx_word' id='word_1_454' title='bbox 1268 4185 1321 4241; x_wconf 84' lang='lat' dir='ltr'><strong>ost,</strong></span> 
     </span>
     <span class='ocr_line' id='line_1_52' title="bbox 147 4246 1320 4323; baseline -0.011 -12"><span class='ocrx_word' id='word_1_455' title='bbox 147 4259 208 4323; x_wconf 82' lang='lat' dir='ltr'><strong>Hie,</strong></span> <span class='ocrx_word' id='word_1_456' title='bbox 226 4260 349 4322; x_wconf 82' lang='lat' dir='ltr'><strong>Hercule,</strong></span> <span class='ocrx_word' id='word_1_457' title='bbox 368 4261 501 4312; x_wconf 73' lang='lat' dir='ltr'><strong>sororios·</strong></span> <span class='ocrx_word' id='word_1_458' title='bbox 518 4260 660 4321; x_wconf 81' lang='lat' dir='ltr'><strong>oculose,</strong></span> <span class='ocrx_word' id='word_1_459' title='bbox 679 4266 710 4310; x_wconf 83' lang='lat' dir='ltr'><strong>ut</strong></span> <span class='ocrx_word' id='word_1_460' title='bbox 759 4270 844 4321; x_wconf 59' lang='lat' dir='ltr'><strong>worn</strong></span> <span class='ocrx_word' id='word_1_461' title='bbox 864 4254 950 4320; x_wconf 81' lang='lat' dir='ltr'><strong>uulgo</strong></span> <span class='ocrx_word' id='word_1_462' title='bbox 974 4253 1118 4318; x_wconf 86' lang='lat' dir='ltr'><strong>legeretur</strong></span> <span class='ocrx_word' id='word_1_463' title='bbox 1133 4246 1320 4299; x_wconf 75' lang='lat' dir='ltr'><strong>audiendus·-</strong></span> 
     </span>
     <span class='ocr_line' id='line_1_53' title="bbox 146 4313 1322 4394; baseline -0.01 -18"><span class='ocrx_word' id='word_1_464' title='bbox 146 4325 252 4378; x_wconf 80' lang='lat' dir='ltr'><strong>dieitur.</strong></span> <span class='ocrx_word' id='word_1_465' title='bbox 280 4327 437 4379; x_wconf 68' lang='lat' dir='ltr'><strong>Nullusne</strong></span> <span class='ocrx_word' id='word_1_466' title='bbox 455 4325 709 4394; x_wconf 62' lang='lat' dir='ltr'><strong>Hermippumo-</strong></span> <span class='ocrx_word' id='word_1_467' title='bbox 794 4320 895 4385; x_wconf 82' lang='lat' dir='ltr'><strong>utilem]</strong></span> <span class='ocrx_word' id='word_1_468' title='bbox 926 4319 945 4371; x_wconf 92' lang='lat' dir='ltr'><strong>i.</strong></span> <span class='ocrx_word' id='word_1_469' title='bbox 965 4335 989 4370; x_wconf 85' lang='lat' dir='ltr'><strong>e.</strong></span> <span class='ocrx_word' id='word_1_470' title='bbox 1015 4331 1077 4370; x_wconf 85' lang='lat' dir='ltr'><strong>curn</strong></span> <span class='ocrx_word' id='word_1_471' title='bbox 1104 4313 1228 4366; x_wconf 77' lang='lat' dir='ltr'><strong>utilitato</strong></span> <span class='ocrx_word' id='word_1_472' title='bbox 1256 4328 1322 4366; x_wconf 87' lang='lat' dir='ltr'><strong>con-</strong></span> 
     </span>
     <span class='ocr_line' id='line_1_54' title="bbox 147 4386 892 4457; baseline -0.001 -15"><span class='ocrx_word' id='word_1_473' title='bbox 147 4392 262 4444; x_wconf 85' lang='lat' dir='ltr'><strong>soinesr</strong></span> <span class='ocrx_word' id='word_1_474' title='bbox 283 4393 465 4457; x_wconf 70' lang='lat' dir='ltr'><strong>eruditum,</strong></span> <span class='ocrx_word' id='word_1_475' title='bbox 494 4395 596 4446; x_wconf 81' lang='lat' dir='ltr'><strong>risose</strong></span> <span class='ocrx_word' id='word_1_476' title='bbox 620 4407 709 4444; x_wconf 77' lang='lat' dir='ltr'><strong>essse</strong></span> <span class='ocrx_word' id='word_1_477' title='bbox 759 4386 892 4440; x_wconf 76' lang='lat' dir='ltr'><strong>iubatum·</strong></span> 
     </span>
    </p>
   </div>
   <div class='ocr_carea' id='block_1_7' title="bbox 1265 4484 1275 4524">
    <p class='ocr_par' dir='ltr' id='par_1_7' title="bbox 1265 4484 1275 4524">
     <span class='ocr_line' id='line_1_55' title="bbox 1265 4484 1275 4524; baseline 0 0"><span class='ocrx_word' id='word_1_478' title='bbox 1265 4484 1275 4524; x_wconf 82' lang='lat' dir='ltr'><strong>&#39;r</strong></span> 
     </span>
    </p>
   </div>
   <div class='ocr_carea' id='block_1_8' title="bbox 0 0 1526 4900">
    <p class='ocr_par' dir='ltr' id='par_1_8' title="bbox 0 0 1526 4900">
     <span class='ocr_line' id='line_1_56' title="bbox 0 0 1526 4900; baseline 0 0"><span class='ocrx_word' id='word_1_479' title='bbox 0 0 1526 4900; x_wconf 95' lang='lat' dir='ltr'><strong> </strong></span> 
     </span>
    </p>
   </div>
  </div>
 </body>
</html>
