3042 4900
318 82 680 151 SATURNALIORUM
697 83 774 147 LlB.
794 85 863 150 Vll.
885 86 975 151 CAP.
993 88 1050 153 lx
1203 90 1266 157 605

5 313 7 328 ,
96 260 201 319 ventre
222 260 380 317 nascentes
401 252 499 316 ricem
517 252 632 336 inplent
651 250 832 327 fistularum,
851 252 1069 336 spiramentum
1092 256 1263 323 sensificum

5 333 11 394 Ϊ
95 339 134 404 ad
151 356 208 401 sua
227 355 369 421 quaeque
391 335 457 400 loca
477 336 606 399 naturali
627 336 694 419 lege
715 336 870 412 ducentes,
890 345 924 400 ut
943 357 1066 403 sensum
1087 338 1194 404 vicinis
1215 349 1317 424 atrata]

95 424 186 505 longe
207 420 316 505 positis
337 421 481 485 membris
510 420 650 485 animalis
677 417 846 486 infundant
888 420 991 485 Prima
1013 422 1107 505 igitur
1131 425 1313 506 ootvylodl

96 526 260 571 nervorum
282 505 388 569 talium
408 504 485 589 petit
505 505 620 580 oculos,
641 514 672 569 ct
689 504 742 568 dat
763 503 820 569 illia
839 504 1023 588 agnitionem
1043 507 1212 592 specierum
1235 516 1266 573 et

96 590 309 655 discretionem
333 588 485 652 colorum:
515 589 650 653 secunda
674 587 705 651 in
732 608 822 652 aures
848 608 881 653 se
903 589 1063 667 diruatis,
1099 612 1152 677 pcr
1173 612 1264 676 quam

96 677 141 740 cis
161 674 329 739 innascitur
349 672 458 737 notitia
477 693 638 737 sonorum:
661 672 751 737 tertia
771 672 895 737 naribus
916 674 1073 752 inseritur,
1093 677 1153 741 rim
1176 677 1265 741 mini-

96 770 196 826 strans
217 757 381 823 odorandi:
404 764 513 841 quarta
534 757 669 843 palatum
691 764 790 834 tenet,
814 776 876 842 quo
899 758 937 823 de
958 760 1130 843 gustantibus
1152 760 1265 826 iudica·

96 855 163 911 tur:
185 843 292 929 quinta
312 841 341 906 ri
361 862 417 906 sua
437 862 528 906 omne
545 862 657 927 corpus
679 842 790 926 inplet,
817 842 916 907 omnis
938 844 1017 907 enim
1038 864 1107 929 pars
1127 845 1264 931 eorporis

98 930 200 997 mollia
229 935 260 991 et
287 946 409 1011 aspera,
443 924 550 1009 lrigida
575 935 608 990 et
634 925 731 991 calida
758 926 910 991 discamit.
955 928 1045 994 Sexta
1068 930 1106 994 de
1139 930 1315 996 cerebram

96 1034 200 1081 means
225 1010 416 1076 stomachum
444 1011 533 1095 petit,
565 1010 613 1075 cui
642 1010 773 1075 maxime
800 1030 907 1075 sensus
933 1022 979 1077 est
999 1016 1200 1093 necessarius,
1229 1022 1266 1081 ut

98 1118 179 1185 quac
198 1097 309 1162 desunt
329 1096 465 1179 adpetet,
499 1095 653 1179 superllua
674 1103 815 1180 respuet,
850 1104 881 1159 et
906 1096 937 1159 in
963 1096 1086 1163 homine
1108 1100 1212 1165 sobrio
1232 1122 1266 1165 se

5 1195 6 1208 ¹
98 1186 164 1269 ipsc
191 1181 378 1247 moderetur.
441 1179 576 1263 Septima
610 1179 745 1261 συζυγία
780 1198 943 1243 nervorum
978 1181 1108 1247 infundit
1141 1204 1264 1249 sensum

5 1323 6 1330 l
97 1262 509 1431 :tutelstete
523 1263 811 1433 ,ltttttttll
841 1262 1268 1432 „ttttttltttnt

96 1436 172 1501 dicis
192 1433 233 1498 sit
252 1439 368 1497 vocata
411 1431 536 1495 Eulaeo
556 1432 703 1517 denique,
726 1440 763 1497 ut
785 1453 822 1498 er
841 1434 981 1510 cerebro,
1003 1434 1112 1500 diversi
1133 1443 1315 1509 nasone-23

97 1530 148 1586 tur
170 1524 288 1583 meatus
317 1514 460 1581 virtutem
482 1517 580 1581 tribus
608 1517 729 1581 animae
747 1517 913 1603 propositis
934 1518 1149 1585 ministrantes.
1194 1521 1265 1587 Tria

97 1612 171 1670 sunt
191 1602 287 1679 enim,
320 1620 401 1747 dm
430 1620 467 1664 er
488 1600 607 1665 animae
634 1600 824 1685 providentia
846 1602 957 1750 accipit
979 1622 1091 1689 corpus
1111 1605 1264 1670 animalis:

95 1699 133 1755 ut
149 1688 244 1765 uvat,
264 1692 302 1751 ut
343 1704 433 1749 acore
452 1685 548 1761 viret,
574 1693 606 1749 et
620 1693 657 1750 ut
676 1685 876 1750 inmortalitas
898 1685 939 1750 ili
958 1690 1152 1755 successione
1171 1709 1264 1774 quae-

96 1782 190 1839 ratur.
233 1771 290 1835 llis
309 1769 406 1833 tribus
424 1770 606 1854 propositis,
636 1776 674 1833 ut
701 1769 777 1847 diri,
809 1768 928 1835 animae
956 1790 1010 1855 per
1031 1772 1178 1858 spinelem
1201 1779 1316 1845 ωσι-24

97 1859 210 1924 dullam
240 1854 405 1942 praebetur
430 1854 565 1918 effectus.
608 1853 685 1920 Nam
714 1852 800 1918 cordi
827 1863 859 1918 et
879 1854 973 1920 iecori
1000 1863 1032 1921 et
1055 1858 1187 1942 spirandi
1209 1857 1264 1924 mi·

96 1942 245 2018 nistoriis,
279 1959 360 2025 quae
378 1938 481 2002 omnia
503 1939 540 2003 ad
563 1938 726 2003 vivendum
744 1937 913 2024 pertinent,
939 1940 1017 2005 vires
1038 1940 1076 2006 de
1099 1944 1265 2027 spinelibus

96 2048 176 2113 quos
200 2023 263 2090 diri
294 2020 445 2087 meadhus
474 2022 699 2089 ministrantia:
732 2022 833 2088 nervia
863 2022 954 2088 etiam
984 2044 1129 2090 manuum
1150 2026 1264 2111 pedum

95 2113 261 2178 aliarumve
280 2107 429 2194 partium,
463 2126 519 2191 per
539 2126 616 2192 quas
635 2107 748 2173 decore
763 2106 888 2185 vivitur,
919 2107 1017 2172 rirtus
1038 2108 1110 2172 inde
1131 2118 1264 2193 praesta-

94 2205 159 2262 tur:
189 2204 221 2261 et
245 2199 283 2259 ut
306 2214 344 2258 ex
367 2191 416 2257 lais
437 2190 590 2256 successio
618 2198 815 2275 procuretur,
849 2190 933 2257 nervi
963 2211 1000 2255 er
1024 2192 1129 2257 eadem
1156 2192 1263 2277 apinali

94 2280 229 2346 medulla
251 2276 401 2364 pudendis
418 2283 451 2339 et
468 2275 602 2351 matrici,
627 2282 664 2339 ut
689 2294 780 2339 suum
800 2294 880 2359 opus
901 2275 1046 2359 inpleant,
1067 2276 1303 2364 minianen-[are

94 2376 155 2430 tur.
198 2366 246 2428 Ita
274 2362 357 2425 nulla
380 2360 412 2423 in
436 2357 561 2423 homine
581 2378 651 2443 pars
673 2358 811 2441 corporis
832 2357 897 2422 sine
919 2358 1104 2443 spiramento
1127 2362 1210 2460 quod
1231 2362 1262 2427 in

95 2457 200 2514 ventre
217 2444 334 2511 cerebri
352 2445 486 2509 locatum
506 2451 554 2506 est
571 2449 603 2507 et
620 2441 686 2507 sine
706 2441 830 2527 spinalis
851 2442 1001 2508 medullae
1020 2444 1168 2510 beneficio
1189 2468 1262 2511 con·

94 2540 164 2597 stat
208 2530 259 2595 Sic
284 2548 357 2610 ergo
376 2527 411 2592 lit
429 2534 482 2603 ut5
511 2546 581 2591 cum
600 2525 701 2610 ipsum
725 2527 884 2591 cerebrum
903 2547 996 2594 sensu
1020 2538 1135 2607 careat,
1156 2551 1263 2596 sensus

94 2626 198 2679 umca
221 2633 239 2677 a
263 2612 388 2675 cerebro
406 2611 437 2675 in
456 2630 548 2674 omne
569 2631 607 2674 oo
643 2629 681 2673 us
702 2609 921 2694 proficiscetur.
963 2613 1067 2697 Euge,
1092 2614 1315 2682 Graeculusao

95 2707 217 2775 noster,
241 2695 418 2777 Euangelus
439 2693 497 2770 eit,
519 2702 580 2758 tam
601 2714 691 2779 pane
709 2694 799 2758 nobis
820 2694 954 2760 ostendit
977 2715 1025 2761 res
1045 2706 1156 2784 opertu
1174 2706 1262 2764 natu-

94 2803 147 2850 rae
171 2788 281 2858 tectas,
315 2788 351 2844 ut
372 2776 520 2864 quicquid
546 2798 646 2844 sermo
673 2777 833 2865 descripsit
857 2779 954 2845 oculis
976 2781 1078 2849 videre
1097 2783 1262 2849 videamur.

890 2949 959 3002 ΕΜ.
980 2947 1197 3020 νίοιΙιςψᾶιΙι.]

93 3039 136 3085 2⁰.
167 3035 272 3099 Septen
291 3029 664 3098 ergast-legepoar'tia
682 3029 712 3082 d.
730 3057 764 3068 -
783 3032 902 3084 animali
919 3033 989 3086 llrl.
1089 3037 1132 3086 21.
1162 3037 1192 3087 d'
1214 3053 1264 3088 un-

94 3104 266 3163 ditartom.
283 3097 397 3157 seh-la.
421 3123 450 3133 -
481 3097 555 3163 quot
573 3097 606 3148 de
622 3096 657 3147 ll.
693 3098 763 3166 quod
783 3107 830 3149 ert
848 3099 878 3149 Δ.
905 3125 937 3139 -
963 3103 1179 3182 gustantibus
1204 3131 1266 3154 .-

94 3184 189 3234 corpas
207 3181 282 3218 onae
297 3180 359 3230 ν-ς.
376 3189 411 3202 -
433 3165 683 3230 antispastum.
703 3165 786 3223 eninr)
805 3165 870 3218 Sal.
892 3193 926 3205 -·
948 3169 1217 3230 decemremem.
1236 3170 1264 3222 in

92 3237 130 3294 s't)
148 3234 180 3284 Α.
247 3299 254 3313 ’
279 3234 388 3350 308„
403 3230 511 3348 armti
522 3232 743 3350 omittatis?
769 3231 805 3282 ll.
831 3241 868 3352 :st
893 3235 996 3353 carme
1018 3241 1087 3351 (gan.
1103 3239 1148 3303 aa)
1176 3253 1200 3318 r.
1229 3265 1264 3279 -

92 3317 188 3382 mu..
201 3316 278 3380 ..Μ’
364 3330 372 3345 0
512 3333 519 3346 a
671 3364 679 3380 ·
725 3333 733 3350 ι
754 3323 787 3340 ““
814 3316 838 3381 0·
860 3317 937 3368 'PCM
977 3319 1009 3354 m
1049 3337 1057 3356 a
1091 3321 1128 3356 Η
1147 3321 1217 3370 'pm'
1234 3320 1263 3372 81

91 3364 453 3486 ιζιῗῗῖἴέἒῖῖξιῑῐι
468 3371 503 3479 i‘
525 3369 652 3481 (Μίἓῖ
670 3381 747 3482 “’.ι
761 3365 1264 3503 ⁶5.l·ttf“·‚‚ll¹;;;e·ttttt‘ttt

91 3498 243 3552 staatirnan
261 3499 334 3563 qnod
353 3501 417 3562 post
433 3493 467 3548 sd
485 3497 563 3549 nullo
582 3497 745 3550 adiecerant
762 3499 872 3562 novitii,
891 3507 1008 3564 tanturn,
1026 3502 1135 3568 opinor,
1154 3502 1187 3553 ad
1205 3509 1263 3552 tur·

91 3563 408 3621 haelendes-“Gron-
508 3566 552 3616 tta.
581 3579 650 3616 trra
668 3564 699 3616 Δ.
733 3582 788 3616 ons.
807 3565 888 3616 S.-
913 3567 1046 3634 placed.
1074 3595 1104 3606 —
1165 3574 1262 3636 mog

91 3635 122 3686 is
139 3650 196 3701 ang.
214 3659 247 3672 -
268 3647 398 3684 moras
416 3627 510 3698 richg.
611 3633 654 3682 ²7.
682 3631 785 3685 calm
805 3631 834 3684 S.
852 3661 885 3672 -
904 3649 975 3684 sanus
989 3639 1083 3701 posteo
1099 3584 1163 3685 ΜΤ

122 3787 168 3833 w.
201 3781 339 3847 ssimlis]
366 3780 385 3832 Ι.
405 3795 431 3830 s.
451 3776 591 3842 eorporis,
619 3783 651 3830 nt
700 3780 727 3830 es·
749 3789 875 3833 naturane
894 3797 973 3848 worn
997 3783 1100 3836 ametro
1120 3785 1261 3854 colligerat,

91 3867 115 3900 e.
140 3851 172 3910 4,
197 3848 289 3913 31¹1„
317 3863 372 3912 qna
393 3861 457 3896 curu
477 3845 538 3896 loco
556 3844 651 3896 coete-
700 3847 824 3912 psaaiorn
852 3849 993 3914 praetenui
1023 3851 1079 3901 siaa
1109 3855 1262 3906 nmirum

90 3915 178 3966 aenda
192 3921 259 3964 sant
276 3912 362 3964 etiarn
376 3927 411 3964 aa
426 3927 499 3977 qaas
516 3912 651 3978 legantur
699 3912 778 3964 nodo
794 3914 880 3965 inciso
901 3916 991 3966 atatim
1015 3919 1168 3986 exspecter.
1204 3919 1261 3972 No·

91 3984 165 4046 §22
182 3979 218 4031 de
235 3978 375 4030 ennacos
392 3994 486 4030 sensa.
700 3993 764 4030 nen
784 3979 857 4032 illud
874 3997 1010 4047 nusquam
1029 3983 1132 4038 lareni.

89 4051 187 4166 yffi]
215 4047 325 4178 ’ἓξὲξ
346 4043 651 4177 οῗῆτωέωῗὲξῧ
735 4071 777 4120 2³.
790 4135 797 4152 Ι
811 4071 963 4139 propositis]
991 4073 1011 4124 i.
1033 4089 1058 4124 c.
1084 4073 1187 4126 ciliciis
1213 4073 1259 4126 rel

88 4149 221 4243 actiui,
251 4177 358 4244 inquit,
387 4193 430 4229 cer
460 4195 489 4229 ro
514 4165 675 4228 emmas·
701 4135 845 4233 ¹⁰⁸⁰⁸¹'⁸',
1175 4221 1182 4236 ·

89 4246 240 4308 ιιιιιιιιιι,
257 4254 287 4297 ιι
304 4243 415 4296 arros·
433 4243 466 4295 n.
481 4245 518 4296 rr.
535 4243 587 4306 xr,
605 4245 649 4308 ss,
734 4219 904 4286 efflue]
940 4237 990 4286 rw
1024 4222 1124 4273 oubolo
1155 4222 1260 4276 ductum

88 4331 112 4365 0,
126 4317 169 4364 σγ,
190 4313 241 4364 pfl·
257 4313 347 4365 καὶ.
360 4312 500 4377 pomp„
515 4327 533 4362 a
547 4310 650 4361 emm
700 4290 753 4348 est,
773 4290 803 4337 ut
820 4285 853 4338 lit
870 4287 943 4353 apud
963 4287 1144 4340 recentiores.

87 4379 207 4433 scedula
233 4379 411 4434 amenas
448 4377 569 4430 sesae·
595 4391 664 4429 sass-
732 4377 776 4424 26.
816 4373 904 4444 eilge]
930 4381 974 4430 ast
995 4375 1154 4431 interiectio
1176 4377 1261 4431 Plau·
