3042 4900
229 43 294 112 222
713 31 931 101 uacuouu'

229 213 326 279 dnata
366 206 443 274 Filia
469 213 572 272 autam
593 201 737 271 Serviliae
760 209 828 267 erat
848 200 936 268 lunia
956 199 1058 264 Tertia
1082 195 1252 284 cademque
1273 198 1308 265 C.
1329 199 1404 264 Cas-

230 297 267 362 sii
294 314 387 372 uror,
418 291 592 357 lasciviente
616 289 765 354 dictatore
791 295 854 352 tam
883 286 913 350 in
937 293 1063 349 matrem
1087 303 1178 369 quam
1203 285 1234 347 in
1261 284 1405 369 puellam.

230 383 317 447 Tunc
340 378 491 448 luxuriam
515 375 595 440 senis
620 373 750 439 adulteri
778 372 883 437 civitas
908 370 1040 435 subinde
1067 369 1243 433 rumoribus
1266 369 1406 468 iocisque

200 465 390 614 dcarpebct‚
420 470 458 528 ut
478 461 557 526 mala
578 466 782 558 ¹3⁰¹¹lflllll¹¹¹¹
806 457 884 521 seria
906 454 1013 553 forent
1068 454 1147 518 Post
1168 454 1251 518 bunc
1271 454 1405 520 Caecina

180 551 393 700 ¹³³⁴ltltlt·
409 542 760 713 dllftdtlt'?
775 538 1404 712 llutttrttm‘i'ttffilttt‘

230 741 263 784 sc
282 726 429 784 tueretur.
472 716 528 781 llle
546 713 662 778 urbane
681 711 853 798 respondit:
875 710 993 776 Gallam
1010 711 1124 794 subibo.
1154 707 1324 806 'Sutorium
1345 709 1405 774 boc

230 805 361 870 babetur
380 803 626 876 instrumentum,
647 799 731 883 quod
753 817 817 862 non
837 794 964 861 infacete
982 795 1012 858 in
1033 793 1173 858 adulterii
1195 795 1404 878 exprobratio-

231 910 300 954 nem
321 886 518 970 ambiguitate
546 882 703 949 convertit.
746 883 825 950 Nam
848 881 979 946 Plancus
1004 879 1036 942 in
1055 879 1174 944 Maesia
1199 878 1286 943 Galla
1307 885 1404 964 nupta

203 974 311 1039 lmale
337 970 488 1036 audiebat
547 967 677 1035 Secutus
707 975 754 1031 cat
780 966 892 1031 Furius
918 963 1061 1030 Albinus:
1097 965 1172 1028 Post
1198 963 1403 1028 Mutinensem

232 1058 333 1142 lugam
357 1053 590 1141 quaerentibus,
618 1051 692 1138 quid
715 1060 818 1136 ageret
835 1050 1005 1126 Antonius,
1036 1047 1228 1133 reapondisse
1248 1048 1404 1114 familiaris
1514 1099 1517 1120 .

232 1143 298 1207 aius
317 1141 483 1206 terebatur:
517 1139 607 1217 Quod
627 1139 711 1204 canti
730 1141 765 1203 in
785 1139 935 1225 depypto:
962 1135 1034 1200 bibit
1054 1146 1082 1199 et
1101 1136 1197 1220 pipat:
1226 1135 1351 1218 quarmo
1371 1134 1403 1197 in

232 1227 289 1292 illis
314 1225 489 1312 regionibus
514 1230 634 1289 constat
658 1242 748 1287 canes
774 1231 865 1306 raptu
892 1219 1116 1284 crocodilorum
1145 1217 1305 1283 exterritos
1334 1238 1402 1282 cur·

203 1311 299 1378 drerc
323 1320 354 1376 et
373 1311 487 1377 bibere.
534 1306 714 1374 Eustatbius
735 1306 859 1371 deinde:
878 1304 1006 1370 Publius
1025 1303 1164 1367 Mucium
1184 1303 1321 1388 inprimis
1339 1323 1402 1366 me-

231 1397 354 1462 livolum
377 1416 447 1462 cum
469 1393 595 1460 vidisset
623 1393 713 1457 solito
736 1391 914 1456 tristiorem:
944 1391 1004 1454 dut
1021 1388 1141 1465 ibicis,
1164 1387 1281 1472 inquit,
1304 1391 1402 1452 nescio

202 1482 306 1571 bpntil
324 1480 508 1548 incommodi
523 1480 657 1556 accessi,
688 1487 743 1543 cut
762 1478 861 1543 nnnc
873 1475 936 1541 'cni
953 1473 1070 1561 alipntil
1091 1474 1170 1539 boni.
1213 1472 1291 1537 lnde
1310 1473 1400 1539 dric-

302 1649 383 1716 [ntea.
401 1647 548 1701 aborsu.

233 1732 391 1800 pueBGV.
421 1759 448 1770 -
479 1729 650 1802 gelanor.
674 1759 703 1768 -
742 1727 869 1783 Carrib’.
915 1729 1103 1796 Crassis-g.
1205 1733 1230 1781 d.
1260 1727 1325 1796 Cap.
1349 1728 1401 1780 lll.

235 1800 340 1852 Satoris
363 1801 462 1852 dietum
485 1801 611 1861 facetam·
635 1795 690 1850 cdi.
722 1822 754 1836 -
785 1806 897 1850 autorem
916 1813 985 1849 ease
1002 1797 1099 1849 sciebat
1119 1794 1149 1847 S.
1176 1824 1211 1836 -
1234 1797 1355 1861 infacite
1370 1796 1401 1847 Υ.

232 1867 348 1930 inficeto
364 1865 443 1922 t-er.
457 1893 491 1904 -
512 1865 730 1932 exprobationem
747 1863 800 1915 AS.
819 1889 852 1903 ·—
873 1863 972 1914 Meuia
990 1863 1076 1930 Br-g.
1112 1864 1211 1916 acedia
1227 1868 1302 1930 (sup.
1319 1867 1350 1922 a)
1367 1863 1401 1915 G.

231 1935 329 1986 menia
348 1932 377 1985 S.
487 1937 512 1984 t.
545 1933 608 1999 Cap.
630 1933 699 1984 llll.
726 1933 834 1984 Antonii
848 1931 1001 1996 familiaria
1019 1930 1125 1982 dictam.
1149 1931 1201 1981 vat.
1227 1958 1262 1969 -
1289 1931 1402 1982 Albinus

231 1998 497 2053 tnusvbtrael’at.
530 1999 658 2052 Albinum
678 1997 746 2049 Edd.
763 1998 794 2051 P.
811 1995 916 2060 „blalit
934 1997 1092 2049 Scriverius
1112 1998 1252 2050 Albinua.“
1270 1997 1350 2048 Pont.
1367 2025 1400 2036 -

232 2066 489 2130 bibitenim„ll“.
521 2093 555 2104 -
582 2065 820 2118 corcodrillorunt
842 2066 912 2130 (del.
933 2065 1069 2131 prioror)
1088 2065 1118 2116 Α.
1222 2068 1248 2115 8.
1282 2067 1347 2132 Cap.
1370 2065 1401 2116 l'.

232 2135 323 2188 Publii
340 2136 448 2188 dictum·
466 2134 519 2186 vbi.
536 2161 569 2174 -
586 2134 758 2188 malevolum
778 2133 858 2201 mgb.
877 2161 905 2172 ·-
924 2135 1011 2186 nereio
1028 2133 1113 2202 inquit
1130 2131 1190 2185 BG.
1288 2135 1313 2184 l).
1337 2133 1402 2200 Cap.

232 2300 295 2352 dam
316 2297 367 2352 alii
390 2301 489 2369 legunt
510 2300 643 2367 duceret].·
672 2300 791 2368 Rogavi,
844 2296 945 2362 llb'lll,
962 2299 987 2349 d.
1013 2326 1039 2336 —
1067 2297 1110 2350 Gi.
1129 2297 1203 2350 Plio.
1220 2297 1252 2350 N.
1273 2297 1308 2348 ll.
1331 2297 1402 2360 xit,

231 2369 305 2421 utin
341 2367 470 2420 latanona
487 2369 686 2436 produceret
705 2369 792 2418 domi·
845 2369 862 2417 d
896 2382 919 2416 a.
949 2371 989 2418 a:
1035 2367 1110 2432 Quae
1145 2368 1273 2436 glandem
1306 2367 1403 2432 serunt

230 2452 302 2487 nara.
348 2430 793 2505 udegloeaaecproducibnpcci-
844 2435 1118 2503 omneaetgallam
1212 2434 1403 2518 coriiaper·

231 2497 793 2571 peruincerenpoapoyonffiopvopocudc,
840 2502 1008 2565 liniendis
1031 2504 1252 2569 aptissimam
1279 2508 1307 2552 et
1338 2500 1403 2551 Per·

232 2571 404 2623 lenocinator.
441 2573 477 2622 At
498 2572 671 2621 dcdccerein
691 2568 791 2620 iisdem
845 2568 909 2619 tull.
934 2568 1078 2621 admblut.
1100 2570 1143 2633 ll,
1167 2574 1222 2620 lli
1254 2570 1310 2620 Dea
1331 2568 1403 2619 Per·

231 2632 338 2688 θέσθαι
365 2636 527 2707 exponitur,
561 2637 632 2703 quod
670 2642 713 2689 eat
742 2636 793 2687 eibi
843 2635 948 2688 tanda
972 2644 997 2688 et
1022 2638 1171 2705 Subigus
1196 2644 1221 2688 et
1247 2637 1341 2687 Prema

230 2703 368 2755 uindicare
385 2714 413 2757 et
431 2706 509 2756 velot
530 2708 686 2769 exponere.“
703 2702 792 2754 Pana.
841 2702 945 2771 parcite
969 2704 1012 2754 dei
1037 2704 1217 2771 impudentem
1252 2702 1401 2771 Angustia.

233 2797 260 2809 -
281 2770 341 2823 Vid.
360 2771 493 2825 Frcundii
514 2772 623 2822 lexicon
651 2788 673 2821 a.
695 2786 721 2821 v.
746 2772 792 2821 de·
843 2770 878 2820 de
897 2768 956 2821 ctv.
972 2770 1114 2834 tultae
1133 2774 1215 2823 Adest
1232 2771 1403 2822 deur-iubi-

230 2838 338 2901 cocao,
370 2839 417 2891 ubl
449 2839 483 2890 da
511 2840 695 2890 coneobioato
722 2837 792 2888 all'e-
869 2854 921 2899 aa,
951 2838 1057 2889 ataira
1081 2838 1258 2906 subigatur
1278 2836 1401 2904 (virgo).

229 2912 329 2956 rantur
347 2905 377 2957 hi
397 2906 465 2958 loci:
485 2907 576 2959 Plaut.
597 2906 690 2977 casin.
710 2905 747 2969 ll,
765 2908 791 2970 8,
842 2852 957 2956 §cctam
984 2903 1065 2955 Gaea.
1093 2908 1136 2957 49.
1170 2906 1319 2956 Pudicitiae
1345 2906 1403 2955 eina

229 2974 272 3023 bd.
298 2970 412 3025 Sueten.
429 2974 523 3041 Gelig.
542 2978 592 3036 25,
610 2972 675 3024 Ner.
692 2976 737 3023 28·
838 2974 944 3037 famam
965 2972 1033 3023 nibil
1058 2974 1162 3039 quidem
1184 2980 1291 3039 praeter
1320 2972 1402 3023 Nico·

267 3039 345 3089 lunia
368 3041 470 3107 Tertia]
488 3042 612 3105 „Eadem
632 3057 682 3107 per
705 3038 790 3091 dlml-
840 3039 923 3091 media
940 3040 1134 3091 contuberniam
1154 3040 1276 3091 laesit...
1297 3040 1403 3090 Galliac

231 3104 357 3155 nativum
388 3108 493 3158 dicitur
523 3122 633 3173 quoqne
661 3108 791 3159 Tertulla.
840 3106 973 3173 triumpbo
994 3108 1092 3159 milites
1111 3108 1169 3158 eiua
1192 3144 1217 3157 ..
1241 3107 1403 3175 vulgatissi-

230 3168 275 3221 Cl.
303 3171 369 3223 Era.
395 3173 422 3224 in
451 3175 537 3225 Clare
563 3182 591 3225 et
615 3173 729 3238 Lipsius
755 3174 790 3225 ad
840 3190 910 3223 mum
928 3174 998 3224 illud
1013 3176 1267 3240 pronuntiaverunt:
1295 3174 1403 3225 Gallias

230 3236 325 3289 Tacit.
342 3240 439 3291 dnnal.
461 3241 510 3292 lll.
532 3242 592 3292 aab.
612 3240 680 3291 fio.“
703 3241 790 3293 Zeus.
845 3242 944 3293 Caesar
961 3242 1105 3313 subegit,
1124 3243 1278 3294 Nicomeden
1300 3244 1403 3293 Caesa-

228 3330 262 3343 -
279 3304 339 3358 vio.
358 3307 447 3360 Orell.
467 3314 602 3361 onomast.
623 3308 699 3359 Tull.
724 3326 746 3359 a.
764 3325 789 3359 r.
840 3324 905 3360 rem.

232 3374 330 3425 Tertia.
873 3380 901 3425 7.
939 3375 1002 3427 Part
1026 3376 1200 3427 Mutinensem
1222 3372 1333 3443 sagana]
1358 3372 1403 3425 cl.

260 3444 287 3491 a.
325 3449 413 3495 testem
433 3440 576 3509 destruere]
599 3440 642 3493 cl.
669 3440 790 3508 Quintil.
841 3441 900 3491 (lia.
919 3442 955 3492 ad
976 3443 1042 3493 lam.
1061 3442 1101 3504 X,
1124 3446 1168 3502 14,
1190 3445 1213 3492 l.
1233 3443 1347 3511 Fugiete
1366 3458 1404 3492 ex

227 3505 262 3573 V,
279 3514 310 3573 7,
330 3514 378 3562 25:
414 3513 509 3565 Verum
526 3512 630 3564 interita
650 3518 675 3561 et
692 3510 787 3577 ningu-
839 3510 966 3577 praelia
984 3510 1165 3562 Mutinensi
1181 3510 1404 3561 dicenturnatia-

227 3575 266 3627 lca
300 3586 330 3631 ut
363 3594 492 3631 exornare
529 3582 568 3631 ita
611 3578 790 3629 destruere
840 3578 901 3627 ainsi
917 3578 1050 3628 latronum
1071 3578 1164 3639 duces,
1182 3584 1210 3628 et
1228 3577 1263 3627 ad
1281 3576 1403 3627 eandam

226 3645 359 3712 contingit
381 3655 429 3699 aut
445 3648 563 3700 recitatis
580 3654 628 3698 aut
642 3644 790 3697 nominatis
839 3642 949 3707 Pollia,
976 3645 1016 3694 ib.
1037 3646 1087 3708 ³³,
1104 3647 1144 3694 4.:
1175 3644 1318 3697 Antoniana
1339 3652 1402 3696 tur-

225 3710 342 3761 teatibae.
837 3712 909 3777 piter
945 3711 1092 3763 Mutinae
1129 3712 1301 3763 obsessionem
1336 3712 1404 3762 rell·

260 3776 325 3840 pala
359 3783 473 3827 tutorem
505 3778 614 3843 sciebat]
647 3794 688 3829 aa.
723 3792 788 3829 eum
839 3780 934 3844 puisse.

226 3854 305 3901 case,
342 3848 372 3892 ut
401 3843 544 3895 videretur
576 3860 638 3895 cesa
669 3844 789 3895 bnmllia
874 3845 946 3912 quod
963 3845 1038 3896 canis
1054 3846 1083 3895 ia
1101 3842 1234 3913 Aegypto]
1262 3842 1323 3908 „llo
1346 3840 1404 3893 lrae

225 3905 435 3971 idcoqaavllia.
461 3908 787 3975 enucleatione.
839 3912 1041 3963 consuetudine
1067 3928 1167 3963 cauom
1197 3910 1404 3978 Aegyptiorum

264 3974 372 4025 Gallam
405 3975 511 4044 subigo]
545 3976 648 4039 „l'alot
681 3978 788 4044 gallano
838 3978 1092 4031 videatardelian.
1110 3978 1233 4040 ΗΜ,
1251 3982 1292 4041 4.,
1311 3984 1339 4028 et
1357 3978 1405 4027 al·

224 4046 294 4105 tero,
334 4056 397 4093 earu
436 4044 510 4094 enim
545 4048 654 4094 autore·
692 4044 788 4095 tritara
840 4051 883 4096 ter
899 4046 1035 4097 Aelianus
1054 4046 1089 4097 de
1106 4062 1151 4097 aa.
1170 4045 1220 4107 Pl,
1238 4048 1280 4096 bb.
1299 4053 1328 4094 ot
1341 4044 1405 4096 Pli-

223 4114 380 4161 atramento
403 4108 511 4161 autorlo
530 4110 702 4161 conficiendo
721 4110 789 4161 aliia
840 4112 914 4177 t’ttt,
929 4119 972 4164 tu.
986 4114 1021 4180 [a.
1034 4116 1076 4164 61.
1097 4115 1111 4180 §
1125 4116 1180 4163 148,
1196 4110 1300 4178 Sill.].“
1314 4111 1403 4163 Zarin.

224 4177 309 4259 rebus
332 4176 459 4229 misceat.
482 4176 603 4259 ‘babeat
624 4178 710 4261 etlam
729 4178 788 4228 alia
840 4206 870 4217 ·-
897 4180 975 4230 Adde
1000 4179 1088 4231 Solia.
1117 4196 1142 4231 ο.
1170 4184 1217 4245 lb,
1243 4195 1271 4247 p.
1293 4182 1337 4229 25.
1356 4178 1403 4243 Β,

224 4244 742 4376 tlt·..ltt'lt'lttttt'tlttt
759 4251 789 4363 :t
839 4245 1077 4379 P'l‘iellllti’
1093 4250 1136 4364 i‘:
1159 4314 1179 4365 t.
1214 4313 1289 4366 ο...
1323 4312 1405 4365 ..ιο

226 4374 326 4427 Gallae
345 4382 503 4431 manarat.“
518 4377 647 4431 Tuaen.
670 4379 785 4431 Adsere.
838 4380 910 4444 qood
929 4380 1036 4431 accidit.
