3042 4900
237 21 301 94 wll
720 14 932 82 Macaourr

238 211 317 277 quae
339 187 420 273 apud
440 187 570 252 maiores
591 183 704 269 riguit,
736 192 769 248 et
796 190 952 249 venustam
977 181 1132 246 induxisse
1152 181 1332 262 novitatem,
1365 184 1412 250 in-

239 283 408 359 terrogatus
428 273 466 336 ab
488 276 640 354 Augusto,
664 289 743 353 quoe
764 267 917 333 saltationi
939 267 1127 343 contulisset,
1147 269 1320 370 respondit:

364 353 485 421 Arii-risu
504 355 670 440 συρίγγων
688 349 715 417 τ’
736 349 873 435 ἐνοπὴν,
896 347 1022 434 ὅμαδόν
1042 347 1070 414 τ’
1092 348 1290 435 decennov.

188 445 322 510 lllldem
346 464 415 507 cum
436 449 559 526 propter
581 439 685 524 populi
708 438 889 502 seditionem
912 457 967 521 pro
989 437 1185 501 contentione
1206 437 1286 501 inter
1303 440 1411 524 sallp-

236 531 359 613 lamque
377 527 481 592 habita
494 524 674 589 concitatam
695 523 932 628 indignationem
949 522 1118 605 excepisset
1129 523 1271 606 Augusti,
1285 544 1412 608 respon-

237 615 293 680 dit:
305 612 374 677 Kal
386 609 567 694 ἀχαριστεῐς
584 609 730 691 βασιλεῦ·
749 621 848 671 εασον
862 601 982 681 αὐτοὺς
998 605 1073 690 περὶ
1088 601 1172 690 ἡμᾶς
1188 602 1411 689 ἀσχολεῖσθαι.

187 718 254 787 [ssa]
326 698 412 761 Vlll.
452 696 508 760 llis
537 693 625 758 dictis
653 700 684 758 et
710 693 837 756 excitata
865 690 978 755 laetitia
1003 711 1072 754 cum
1100 691 1131 754 in
1153 692 1272 756 Avieno
1293 715 1412 758 memo-

237 782 281 848 ria
300 781 407 846 llorida
427 789 458 845 et
478 778 646 844 amoenitas
667 776 843 842 laudaretur
863 775 990 859 ingenii,
1013 796 1133 840 mensas
1152 778 1302 842 secundus
1322 780 1411 843 mini-

207 873 300 936 aster
318 865 462 931 admovit
509 865 550 928 Et
568 862 743 926 Flavianus:
767 861 873 937 Multi,
891 869 927 926 ut
943 860 1086 938 aestimo,
1107 861 1139 924 in
1157 861 1217 926 hoc
1236 882 1254 926 a
1272 864 1413 930 Varrone

239 951 436 1026 dissentiunt,
464 948 569 1032 quiin
590 947 640 1011 illa
660 946 843 1032 lepidissima
862 946 954 1010 satira
971 945 1149 1029 Menippea,
1171 967 1251 1030 quae
1271 947 1411 1013 inscribi-

238 1045 290 1100 tur
311 1036 412 1101 Nosces
437 1033 510 1120 quid
530 1053 634 1118 uesper
653 1033 753 1107 001101,
788 1031 827 1096 do
847 1030 981 1096 secunda
1004 1050 1107 1094 mensa
1130 1030 1284 1127 placentas
1309 1054 1411 1098 remo-

238 1121 293 1185 vit:
315 1119 368 1184 sed
391 1138 506 1203 quaeso
528 1117 626 1192 dicas,
650 1116 791 1192 Caecina,
813 1116 904 1180 verba
923 1136 932 1177 ι
954 1135 988 1179 sa
1011 1115 1171 1190 Varronis,
1194 1116 1220 1179 si
1241 1117 1297 1180 tibi
1317 1118 1410 1182 bene·

209 1203 309 1272 ateio
333 1202 498 1268 memoriae
517 1201 680 1266 tenacioris
701 1200 875 1266 haeserunt
920 1137 954 1263 ll
984 1199 1128 1264 Albinus:
1155 1201 1274 1278 10000,
1300 1201 1410 1286 inquit,

238 1288 386 1355 Varronis
409 1307 501 1372 quem
526 1285 630 1350 referri
651 1307 668 1350 a
691 1305 740 1349 ma
761 1285 893 1369 imperas
913 1284 946 1347 in
965 1282 1013 1348 lris
1034 1283 1097 1348 lere
1117 1285 1215 1349 verbis
1241 1295 1304 1350 est:
1339 1287 1409 1352 Bel-

236 1375 317 1440 loric
335 1398 369 1440 eu
385 1374 517 1438 01001010
534 1382 604 1437 suut
621 1371 731 1437 medula
752 1392 828 1458 quae
845 1371 956 1436 melltta
973 1391 1038 1434 non
1057 1381 1146 1435 sunt:
1176 1370 1312 1436 dulcibus
1331 1374 1410 1437 mun

305 1561 385 1628 [aras.
403 1558 530 1613 nuces.

342 1649 382 1694 18.
406 1645 460 1710 qui
477 1643 549 1708 apud
565 1641 622 1692 icls.
639 1641 784 1704 „Melius“
801 1641 885 1693 Zeus.
899 1667 932 1680 -
948 1641 1154 1708 Respondit...
1171 1640 1291 1708 Auguste·
1305 1641 1337 1705 (S
1355 1644 1410 1700 19.)

238 1727 291 1762 om.
312 1709 340 1760 S.
364 1737 398 1748 -
420 1703 524 1775 Adicis]
545 1709 626 1760 llum.
649 1709 681 1763 ll.
698 1705 731 1774 κ’,
751 1712 791 1759 la.
819 1735 846 1747 -
876 1723 975 1758 asson
992 1725 1055 1758 crrr
1074 1707 1142 1770 (rel.
1161 1707 1211 1758 Gr.
1228 1713 1297 1766 osu.)
1316 1709 1345 1759 Α.
1378 1715 1410 1760 st

238 1781 266 1829 in
290 1777 335 1827 Gr.
371 1775 462 1826 lodoin
481 1775 613 1842 συριγγῶν
633 1777 698 1836 (rel.
716 1776 765 1827 (ir.
784 1776 853 1838 om.)
871 1790 929 1824 s-a.
951 1775 1057 1836 „Forte
1074 1772 1198 1838 Audias,
1215 1781 1246 1825 nt
1263 1775 1334 1840 apud
1351 1774 1410 1825 lau-

239 1846 348 1896 cianum
371 1843 545 1908 [llarmonid.
572 1845 593 1892 1.
618 1861 645 1908 p.
665 1843 751 1908 534.]=
780 1839 883 1901 Λύδιος
902 1834 1030 1906 cipparius.
1068 1840 1183 1891 Pindari
1202 1841 1347 1892 scholiast.
1367 1841 1409 1908 [in

241 1912 354 1978 olymp.
373 1911 396 1974 1,
414 1913 456 1960 20.
475 1908 517 1959 (li.
537 1907 615 1960 Nem.
633 1909 678 1972 lt,
700 1909 771 1976 sal:
790 1903 924 1973 {topasius
943 1904 973 1958 dl
989 1904 1124 1972 nle'sossc,
1144 1903 1260 1973 Δώριος,
1281 1904 1410 1976 Φρύγιος,

237 1974 345 2038 Λύδιος,
383 1977 464 2042 Apul.
489 1976 583 2027 Miles.
611 1977 642 2027 x.
669 1977 727 2042 [³t,
756 1993 783 2043 p.
802 1975 890 2043 ‘teth
924 1975 1077 2025 locatitias
1097 1975 1297 2038 multiforatiles
1316 1986 1411 2028 contus

239 2046 361 2111 Lydios
389 2044 500 2095 dulciter
528 2046 652 2094 sonant.“
682 2044 760 2095 l'out.
832 2073 837 2083 ·
865 2045 906 2092 19.
935 2055 1101 2092 aarxsrrc.
1128 2043 1195 2105 (rol.
1213 2043 1262 2092 Gr.
1283 2049 1355 2101 orn.)
1378 2044 1408 2094 ,1.

237 2120 266 2164 ut
281 2112 309 2162 in
329 2114 373 2162 Gr.
394 2111 426 2160 G.
444 2138 477 2149 -
497 2108 545 2160 καὶ
568 2103 722 2176 ἁγαριστεῖς
735 2127 790 2161 orn.
807 2125 865 2160 s-s.
884 2135 917 2146 -
939 2123 1138 2159 assumeres
1158 2108 1191 2158 B.
1231 2103 1409 2162 ἀπολεῖσθαι

236 2176 293 2259 sul
320 2171 512 2258 εγῖκαρίσεις
533 2176 578 2260 rip
602 2181 633 2241 (a
658 2174 705 2227 nal
730 2172 798 2228 salsa
827 2172 921 2258 η’σεγς).
959 2175 1064 2258 „Ferte
1088 2180 1187 2226 auctor
1210 2177 1327 2243 scripsit
1353 2176 1408 2230 Kal

236 2241 1408 2380 tltmttttttlalTttl‘lltattn‘ttttssl'dtttr..⁰tl}lt⁸2:22⁸.

237 2379 297 2430 via.
316 2385 371 2429 not.

306 2443 378 2497 vill.
418 2445 505 2512 Caput
524 2445 601 2496 Vlll.
622 2444 756 2509 Quomodo
775 2445 853 2495 Plato
870 2443 932 2495 aino
948 2443 1143 2512 indulgendum
1160 2460 1216 2495 esse
1230 2445 1409 2511 praeceperits

237 2522 261 2565 et
280 2530 358 2580 quarn
374 2514 548 2579 periculorum
565 2521 693 2579 turpeque
709 2513 757 2573 sit,
786 2520 873 2563 taetus
890 2528 923 2562 ae
938 2519 1036 2580 gustas
1052 2513 1234 2577 uoluptatibus
1254 2526 1308 2561 essa
1324 2511 1406 2561 ulna-

235 2582 316 2633 sium.
340 2580 418 2630 alr-b.
524 2583 546 2629 1.
577 2580 626 2629 His
649 2580 759 2631 uerbis
779 2578 857 2630 dietis
873 2578 921 2629 Ρσ.
949 2604 984 2616 -
1012 2578 1129 2629 excitata
1144 2584 1214 2637 (am.
1233 2583 1270 2638 et)
1287 2575 1345 2629 ltu.
1372 2604 1407 2616 -

236 2648 390 2699 admonuit
408 2644 483 2697 ABG
499 2644 533 2705 (S
552 2643 579 2697 iu
598 2660 654 2711 mg.
677 2645 797 2704 amauit)
813 2645 979 2699 atraal’acs.
1009 2644 1053 2696 (li.
1071 2644 1127 2710 ill,
1145 2648 1183 2707 11,
1203 2648 1220 2707 s
1240 2650 1281 2695 11.
1379 2649 1407 2694 9.

236 2716 263 2765 in
282 2716 329 2765 laco
347 2722 377 2765 ut
394 2714 485 2765 estimo
503 2712 538 2763 G.
570 2720 601 2765 ul
618 2712 748 2763 existimo
767 2711 795 2761 in
810 2711 858 2763 loe
876 2710 941 2763 snb.
978 2717 1008 2762 ut
1025 2712 1131 2763 estimo
1150 2712 1178 2762 s'n
1194 2712 1244 2763 lsoc
1261 2710 1355 2779 along.
1373 2738 1407 2749 -

236 2790 338 2849 satyra
356 2780 424 2831 Edd.
441 2779 494 2830 ΡΒ.
520 2805 550 2817 ·-
572 2794 773 2845 uesperserus
790 2778 855 2845 alig.
957 2780 983 2828 a.
1011 2778 1134 2828 Bellaria
1219 2778 1308 2829 Liberi
1322 2779 1408 2829 tello-

234 2849 288 2915 ria]
313 2848 356 2899 (li.
375 2848 451 2899 Gell.
468 2845 499 2897 N.
516 2845 547 2897 Δ.
563 2844 639 2911 lllll,
660 2849 699 2911 lt,
718 2846 752 2909 §S
771 2849 829 2897 liet
840 2850 864 2895 1.
886 2849 914 2895 el
930 2843 971 2894 lo.
987 2842 1099 2896 Saresb.
1120 2843 1194 2909 l'lll,
1216 2850 1243 2896 7.
1270 2872 1304 2883 -
1333 2841 1408 2909 πέμ·

236 3028 321 3077 qnum
354 3010 478 3063 soluerit
510 3010 671 3063 Macrobius
705 3010 797 3077 signi·
846 3004 987 3076 ριστήσεις.
1023 3008 1259 3075 interrogationis
1283 3010 1407 3077 signum,

236 3081 323 3129 ficare
338 3079 429 3143 ipsam
441 3078 593 3127 Herculem
611 3094 673 3128 sam
691 3080 796 3145 egisse.
847 3078 918 3142 qnod
938 3081 998 3130 erat
1015 3082 1080 3142 post
1096 3074 1217 3144 βασιλεῦ,
1234 3078 1348 3129 sustuli.

273 3148 314 3194 19.
350 3144 563 3210 indignationem
581 3146 721 3209 excepisset
739 3146 797 3195 Aa·
881 3142 960 3206 Vnt,
991 3147 1012 3193 1.
1055 3144 1105 3194 ilis
1133 3144 1211 3195 dictis
1238 3151 1263 3195 et
1291 3146 1408 3195 saciata

235 3211 442 3281 gustu]„lmmo
461 3216 489 3260 et
508 3210 795 3274 serioaliqusndoiu
846 3210 961 3276 laetitia]
1006 3209 1054 3261 Sic
1089 3208 1148 3261 bisi
1184 3217 1250 3260 snat
1287 3211 1406 3262 ablativi

236 3296 299 3331 enm
318 3273 796 3343 animadvertitAugustinu'rrsu·
846 3277 978 3328 absoluti.
1016 3277 1115 3328 Deleta
1139 3276 1279 3341 particula
1302 3285 1327 3329 et
1356 3294 1406 3343 pro

236 3347 357 3412 quilluss
387 3344 514 3411 Pyladem
536 3344 694 3409 ualeatque
713 3343 795 3395 ltalia
846 3341 970 3393 alslatiro
987 3343 1166 3393 instrumenti
1185 3342 1343 3395 habendum
1361 3361 1408 3394 es-

235 3415 379 3475 sulmovs't,
411 3410 482 3478 quod
506 3418 676 3476 spectatorem
701 3428 719 3461 o
744 3427 795 3476 qao
846 3415 890 3460 set
914 3409 965 3460 llis
991 3410 1084 3461 dietis.-
1115 3411 1187 3476 quod
1215 3410 1318 3462 melias
1344 3426 1409 3462 esso

235 3482 423 3533 essitilalatar
466 3478 667 3557 demonstrasset
707 3476 795 3557 digito
845 3492 899 3527 non
918 3476 1091 3541 negaverim.

233 3546 796 3666 tttttttt'ttttl‘tt‘aull·§tlt
844 3542 1408 3674 „lnt‘attltltltstltttt

237 3704 264 3715 -
287 3680 346 3729 l'id.
367 3685 420 3729 not.
440 3678 474 3727 ad
494 3680 509 3739 S
530 3683 569 3728 12
845 3691 877 3725 eo
900 3677 1013 3726 masline
1036 3683 1097 3726 sant
1118 3675 1220 3725 mellita
1244 3674 1277 3734 (i.
1296 3691 1321 3725 e.
1339 3690 1409 3726 sua·

268 3736 431 3807 ἅχαριστεῖς]
462 3742 510 3804 ,,1ι.
535 3760 560 3794 0.
595 3743 629 3794 At
651 3742 725 3794 enisu
750 3741 794 3793 in·
845 3740 905 3799 sia)
924 3758 992 3806 qaue
1009 3743 1111 3792 mollita
1133 3739 1166 3799 (i.
1186 3758 1210 3790 o.
1234 3756 1295 3791 cum
1320 3741 1408 3792 ruello

234 3817 333 3873 gratus
352 3824 421 3872 erga
439 3824 499 3871 nos,
517 3825 575 3871 rex,
593 3808 702 3870 existis,
720 3809 792 3886 quod
844 3806 936 3864 laeta)
959 3824 1013 3858 non
1033 3815 1109 3858 sunt:
1139 3808 1282 3872 placentas
1310 3814 1407 3857 autem

233 3873 314 3924 arabis
333 3888 482 3923 succenses
500 3874 535 3922 ab
556 3874 653 3939 populi
675 3874 793 3925 seditio·
844 3873 959 3925 arells'tas
976 3873 1044 3925 dicit
1062 3875 1160 3924 llorat.
1181 3874 1230 3938 Ep.
1248 3874 1270 3934 l,
1289 3877 1391 3936 10,11.

233 3955 296 3991 nem
330 3945 358 3989 et
388 3938 536 3988 tumultum
570 3946 666 3990 nostra
698 3954 792 3991 carisa.
878 3942 902 3989 9.
939 3957 1012 4006 quesn
1041 3942 1136 4004 referri
1164 3956 1181 3988 a
1210 3956 1251 3990 me
1278 3939 1406 4007 imperas]

233 4006 301 4058 Sino
332 4004 416 4057 istum
445 4014 541 4054 nostro
572 4019 657 4055 cuasa
688 4007 792 4055 tumul·
844 4004 906 4055 lloo
937 4006 1022 4057 huius
1057 4006 1276 4057 constructionis
1312 4022 1409 4057 exem·

233 4072 308 4125 tnari
336 4079 365 4123 et
392 4069 544 4133 dissidere,
572 4076 654 4136 atquo
682 4072 793 4138 gratiss
843 4073 920 4137 plum
939 4074 1025 4123 addas
1043 4076 1174 4139 prologg.
1192 4090 1218 4137 p.
1239 4089 1283 4123 nr..

232 4137 500 4207 agesuolsis,quod
517 4152 567 4188 nos
585 4136 625 4189 its
643 4138 792 4203 impediri·
876 4139 1006 4205 dulcibus]
1035 4141 1079 4191 (li.
1106 4139 1205 4191 isidor.
1233 4137 1314 4205 Orig.
1344 4136 1406 4202 xx,

232 4224 309 4271 mus,
331 4224 384 4273 quo
403 4206 494 4257 minus
515 4222 559 4257 ros
578 4213 693 4257 novarat
711 4222 744 4256 sc
763 4211 791 4256 te
841 4209 873 4268 2,
897 4209 935 4255 18.
959 4207 1083 4257 Dulcia
1101 4215 1162 4258 sunt
1180 4219 1280 4274 genera
1298 4205 1409 4270 pistorii

231 4272 710 4339 asrognodetroeret⁶‘znm.,qui
746 4278 792 4325 ost
841 4273 927 4337 operis
949 4288 966 4322 a
994 4289 1088 4338 sapore
1117 4274 1206 4337 dicta,
1235 4272 1313 4324 melle
1334 4272 1407 4325 enin

231 4332 408 4405 aegocerotas
430 4338 520 4394 saluit
537 4338 618 4393 addis
642 4339 688 4391 sal
720 4355 791 4405 γα·
840 4353 946 4403 asperso
966 4347 1112 4391 sanantur.
