3042 4900
270 52 629 122 saTURNauoaUM
649 53 726 120 LIB.
751 55 775 118 1.
803 55 894 122 CAP.
921 59 1182 130 xx111.xx1v.
1247 66 1312 134 209

139 225 224 292 solus
249 222 349 292 divina
375 229 407 287 et
431 220 558 308 adsequi
589 221 690 288 enirno
721 227 753 286 et
781 222 885 307 eloqui
912 234 1017 310 posset
1044 228 1175 313 ingenio.
1227 235 1343 304 Inter2

138 310 215 376 haee
236 309 306 395 Er,
361 308 424 372 lus:
451 307 621 391 Equidem,
645 305 757 392 inquit,
779 307 875 372 miror
895 311 1032 394 potuisse
1049 319 1204 380 tentorum
1225 328 1312 403 pote.

139 403 290 460 statemn
401 413 431 455 m
454 389 672 476 conprehendi:
702 411 824 470 verum,
845 392 929 477 quod
947 395 1149 464 Mantuanum
1171 410 1312 468 nostrum

91 527 93 532 .
138 480 177 546 ad
199 477 333 564 singola,
361 497 430 542 eum
454 476 492 540 de
513 476 622 541 divinis
644 495 744 541 sermo
765 485 828 554 est,
856 485 964 544 testem
988 480 1102 560 citetis,
1130 484 1362 577 gratiosiusppsp

139 573 186 630 est
212 584 304 650 quem
331 571 367 628 ut
393 561 506 628 iudicio
534 561 599 627 lieri
626 569 759 646 putetur.
816 564 866 627 dn
895 583 951 648 ego
976 566 1113 646 oredam,
1147 568 1231 654 quod
1253 570 1341 646 ille,3

140 669 210 714 eum
238 648 367 714 diceret:
399 647 489 712 Liber
513 658 540 711 et
563 648 643 712 olata
666 645 751 712 Ceres
777 665 835 730 pro
857 647 921 712 sole
942 669 979 714 se
1000 650 1085 728 luna,
1114 673 1176 716 non
1200 653 1259 718 boe
1282 655 1313 718 in

139 733 263 800 alterius
291 741 400 819 poetae
424 729 623 796 imitationem
649 731 768 814 posuit,
799 730 841 795 ita
868 732 927 797 diei
956 735 1098 813 eudiens,
1130 757 1185 802 cur
1209 746 1312 803 temen

139 819 292 884 diceretur
318 817 481 902 ignorans?
539 816 605 882 Nisi
631 812 725 892 forte,
759 821 795 879 ut
817 814 925 882 Graeci
947 819 1049 885 omnia
1069 839 1125 886 sua
1146 822 1177 887 iu
1196 822 1341 892 innan-4

140 923 208 969 sum
233 902 362 980 tollunt,
393 922 450 966 nos
478 921 604 986 quoque
627 899 718 964 etiam
742 907 848 985 poetas
872 911 995 968 nostros
1015 905 1157 971 volumus
1177 907 1312 992 pbiloso-

140 987 241 1073 pberi:
275 1007 346 1052 eum
377 985 441 1070 ipse
466 984 599 1063 Tullius,
631 983 685 1068 qui
707 1004 770 1049 non
799 983 901 1051 minus
923 987 1078 1072 professus
1103 1000 1151 1056 est
1177 993 1311 1078 pbiloso-

140 1071 253 1157 pbandi
275 1070 411 1135 studium
435 1090 527 1154 quam
553 1067 714 1155 loquendi,
744 1067 887 1152 quotiens
910 1080 965 1136 aut
991 1073 1029 1138 de
1053 1082 1162 1141 notura
1183 1077 1310 1143 deorum

141 1162 197 1220 out
222 1155 259 1220 de
287 1153 350 1219 lato
375 1161 429 1218 eut
454 1153 492 1218 de
514 1153 698 1218 divinatione
724 1151 874 1239 disputat,
910 1155 1037 1239 gloriam
1059 1179 1151 1243 quam
1173 1163 1312 1227 oratione

141 1238 283 1304 mallavit
308 1237 463 1304 incondita
493 1257 595 1303 rerum
625 1235 773 1302 relatione
804 1237 930 1304 minuet.
982 1242 1061 1307 Tum
1095 1244 1340 1329 Symmachuszb

141 1326 189 1390 De
212 1323 370 1401 Cicerone,
393 1322 555 1408 Evangele,
573 1321 625 1407 qui
649 1321 794 1386 conviciis
813 1321 1040 1408 inpenetrabilis
1065 1335 1121 1406 est,
1143 1336 1213 1414 post
1229 1330 1311 1394 ride·

141 1410 258 1474 bimus:
287 1428 383 1484 nune,
410 1406 481 1491 quie
504 1427 573 1472 eum
595 1408 725 1472 Marone
745 1405 835 1470 nobis
857 1408 1013 1506 negotium
1036 1419 1097 1490 est,
1127 1414 1312 1498 respondeas

140 1494 220 1569 volo,
242 1500 347 1558 utrum
371 1499 481 1589 poetee
502 1491 594 1556 buius
613 1510 706 1576 opera
729 1489 922 1558 instituendis
941 1500 1060 1560 tantum
1079 1498 1182 1582 pueris
1201 1498 1312 1563 idonea

141 1578 257 1644 iudices
280 1597 318 1642 an
338 1574 397 1640 alra
417 1576 474 1641 illis
495 1576 602 1642 altiore
624 1575 722 1640 inesse
740 1573 884 1640 femoris?
927 1577 1048 1644 Videris
1068 1581 1149 1646 euim
1171 1582 1247 1647 mibi
1269 1583 1312 1648 ita

141 1663 241 1729 adbue
260 1660 443 1746 Virgilianos
461 1661 573 1727 babere
593 1680 699 1726 versus
719 1659 851 1744 qualiter
872 1681 927 1726 eos
946 1665 1034 1748 pueri
1055 1666 1205 1750 magistris
1223 1687 1311 1752 pras·

142 1747 311 1832 legentibus
345 1746 538 1812 canebamus.
587 1746 687 1810 Immo
715 1743 802 1828 pueri
832 1764 902 1810 eum
932 1767 1084 1828 essemus,
1120 1751 1340 1836 Spmmecbed

143 1833 207 1899 sine
229 1829 342 1897 iudicio
364 1831 562 1907 mirabamur,
597 1829 748 1915 inspicere
774 1836 876 1894 eutem
902 1829 975 1896 vitia
995 1853 1053 1898 nee
1074 1854 1129 1920 per
1149 1837 1311 1920 magistros

143 1939 198 1982 nee
224 1937 278 2000 per
299 1924 427 1981 aetatem
449 1915 573 1981 licebat:
595 1935 675 2000 quae
695 1921 798 1978 temm
820 1934 882 1978 non
905 1915 1055 1999 pudenter
1073 1919 1236 2005 quisquam
1257 1941 1311 1986 ne-

163 2001 241 2078 sbit,
277 2021 345 2066 eum
370 2001 436 2086 ipse
458 1998 614 2066 confessus
639 1998 688 2064 sit
733 1997 798 2077 Qui
825 1997 906 2062 enim
931 2000 1064 2064 moriens
1091 2022 1199 2087 poema
1220 2023 1310 2068 suurn

143 2023 253 2172 legerit
271 2084 333 2172 igni
353 2085 428 2170 quid
450 2085 507 2150 nisi
530 2084 630 2150 lemae
650 2103 724 2150 suae
746 2081 918 2169 posteritati
940 2083 1147 2150 nrbnabendo
1172 2087 1311 2152 ourerit‘t

934 2252 1004 2306 Edi.
1031 2252 1243 2324 riosbgspdsbl

144 2339 160 2402 5
178 2339 221 2388 ld.
239 2361 271 2376 -
291 2345 321 2390 et
338 2337 403 2390 lasso
421 2336 447 2388 G
464 2336 534 2389 Edd.
552 2343 631 2392 -et
649 2353 701 2390 nen
718 2336 768 2389 AG
786 2340 824 2402 ,β
840 2336 924 2406 degi.
939 2364 975 2377 -
992 2339 1125 2406 posuerit
1140 2340 1222 2406 s-gb.
1238 2339 1312 2403 „lis-

144 2406 229 2472 gibus
246 2405 361 2474 linguae
380 2404 472 2472 magis
491 2411 535 2457 est
552 2408 800 2457 cousentaneum.“
816 2405 904 2458 Zeus.
989 2407 1015 2457 4.
1037 2413 1131 2473 postes
1149 2409 1228 2459 mern
1247 2423 1310 2475 ν-ς.

143 2501 177 2513 -
201 2490 259 2525 eom
284 2508 309 2525 ..
332 2476 470 2539 professus
493 2481 531 2525 est
553 2473 744 2540 philosophari
764 2473 829 2525 edd.
854 2474 883 2527 in
905 2489 962 2540 mg.
988 2471 1020 2522 B.
1068 2474 1260 2542 philosophari
1288 2474 1311 2526 Ρ

143 2541 207 2602 (AG
224 2557 286 2606 sup.
304 2539 393 2598 endi).
417 2565 450 2577 -
474 2539 564 2590 orosto
582 2540 618 2592 G.
720 2543 746 2590 b.
773 2541 893 2593 uidemus
912 2545 988 2607 (sup.
1007 2539 1070 2591 odd.
1088 2542 1128 2602 di)
1143 2542 1177 2593 G.
1196 2568 1230 2580 -
1248 2550 1312 2594 ton·

142 2618 270 2661 tunsone.
288 2606 319 2656 Ρ.
338 2632 370 2642 -
395 2621 455 2655 esse
468 2605 544 2677 (sup.
562 2605 625 2655 odd.
644 2606 687 2665 iss)
704 2604 733 2657 S.
834 2612 860 2659 o.
891 2608 1312 2675 Spsnssseie‚ispeitlioon·

143 2674 253 2744 gelus,
269 2672 347 2738 e-gb.
365 2670 482 2733 „Reme
507 2669 575 2721 bem
594 2670 635 2721 its
649 2688 702 2722 non
715 2672 797 2724 modo
815 2674 951 2728 orstioois
969 2675 1175 2741 perspicuitati,
1185 2676 1233 2727 sed
1247 2693 1315 2727 con-

145 2738 287 2792 suetudini
306 2753 416 2803 quoque
428 2736 564 2787 bleerobii
582 2738 903 2792 consnlitns.“Zeon.-
921 2742 1071 2809 qaisqaeS.
1085 2768 1117 2781 -
1134 2745 1313 2813 negalotsi.

144 2834 178 2847 -
206 2807 239 2855 ui
250 2806 335 2856 nisis.
350 2831 375 2841 -
387 2806 483 2868 sesnes
495 2820 560 2854 sune
576 2806 849 2875 oonoitior-glsg
865 2810 963 2875 ..eio).
983 2814 1078 2874 somne
1092 2826 1158 2862 suos
1176 2812 1312 2861 uulnera

145 2873 193 2926 s-b
222 2874 251 2924 Ρ.
292 2870 456 2936 „Postremo
480 2886 531 2922 vox
555 2872 695 2932 (solnm)
717 2874 880 2926 nonestis
902 2892 955 2927 nno
972 2878 1013 2929 Aa
1037 2878 1069 2939 l.;
1094 2876 1189 2930 sedin
1211 2879 1312 2939 altero,

145 2955 246 3006 uenrpa
264 2938 297 3000 B,
313 2943 357 2990 ost
373 2940 538 2991 consulens.“
551 2967 586 2982 ·-·
602 2940 752 3007 posteritati
768 2957 824 2991 om·
844 2941 869 2992 G
887 2942 930 3005 (io
946 2960 1001 3008 qno
1015 2894 1126 3011 degitur
1138 2947 1233 3009 sones
1247 2962 1314 2997 sooe

145 3023 181 3061 re
199 3006 381 3069 attollendo,
407 3023 468 3073 sup.
486 3006 550 3059 edd.
568 3008 753 3060 memorium
770 3009 924 3077 posteritati
941 3010 1178 3079 sobtrobesdass).
1196 3038 1231 3053 -
1251 3014 1314 3065 sod·

179 3178 204 3229 il.
239 3173 398 3241 gratiosius]
417 3174 437 3226 i.
454 3192 479 3226 e.
499 3172 592 3243 magis
608 3190 623 3226 e
638 3190 706 3243 gre·
755 3181 919 3227 menotense
938 3176 1071 3227 Aeneidos
1095 3177 1189 3243 quibos
1205 3178 1314 3247 negotis

148 3242 187 3295 lla
207 3249 306 3293 ortum.
755 3248 951 3295 testonsento
976 3244 1119 3295 comburi
1139 3248 1256 3307 iussit,
1282 3254 1313 3297 ot

179 3312 204 3361 e.
238 3310 358 3369 eredens,
387 3306 467 3376 qaod]
492 3306 552 3361 Vid.
582 3315 638 3361 not.
669 3308 703 3361 ad
753 3325 808 3361 ress
827 3310 1021 3364 inemendatam
1038 3312 1209 3379 inperfectam
1248 3330 1270 3375 s,
1285 3318 1315 3365 et

144 3374 250 3429 comm.
268 3376 293 3440 1,
315 3379 357 3440 13,
378 3378 419 3426 te.
755 3375 830 3427 Geli.
855 3375 886 3427 N.
913 3377 946 3428 Δ.
974 3378 1064 3439 svn,
1090 3383 1134 3441 to,
1155 3386 1181 3430 7.
1224 3388 1313 3445 taqua,

178 3446 203 3497 t.
239 3460 342 3524 queque
371 3441 460 3509 etiarn]
490 3440 704 3494 Animadvertas
754 3458 813 3494 coss
826 3443 915 3494 morlo
931 3460 1070 3511 oppressos
1086 3446 1313 3498 adventoremor-

145 3511 197 3563 bes
233 3510 388 3577 pertusulo·
420 3508 589 3560 soninnetns.
635 3508 703 3561 Nam
753 3516 805 3561 tesn
822 3510 937 3571 videret,
954 3511 1049 3577 petivit
1069 3514 1240 3579 orooitpaeo
1257 3513 1314 3563 sois

145 3577 305 3631 sullieiebet
327 3577 422 3629 dicere
446 3593 496 3628 nos
517 3592 618 3645 quoque
640 3593 706 3642 poe·
754 3577 922 3629 amicissimis
943 3578 1074 3643 impense,
1101 3586 1136 3632 set
1154 3580 1314 3641 Aeneide,

144 3653 188 3699 tos
203 3654 316 3698 nostros.
756 3660 854 3709 peaes
872 3644 1013 3694 eosdem
1030 3644 1120 3698 sotis
1141 3645 1313 3698 eiirnoos's-

179 3716 203 3763 s.
242 3712 281 3763 Do
298 3711 459 3763 Cicerone..
474 3715 534 3776 post
549 3708 705 3776 videbimus]
755 3717 815 3772 sst,
833 3710 1023 3761 adolerent.

147 3777 207 3831 l‘id.
226 3780 356 3846 prologp.
376 3794 404 3843 p.
424 3792 488 3831 xus.
825 3776 854 3828 id
879 3777 933 3827 nisi
948 3779 1045 3840 sessos
1060 3792 1126 3827 sose
1150 3813 1174 3828 ..
1198 3776 1313 3842 sorevit]

181 3847 221 3897 ito
239 3882 263 3896 ..
281 3844 404 3912 qualiter]
431 3844 491 3895 Vid.
518 3842 647 3913 prolegg.
676 3860 705 3911 p.
756 3794 824 3893 udi
845 3850 903 3895 not.
932 3843 966 3894 od
993 3859 1019 3893 e.
1044 3844 1089 3894 ²1.
1114 3843 1192 3909 ΗΑ
1230 3845 1314 3900 lluso

146 3928 231 3967 xxxv·
250 3918 307 3963 not.
756 3909 841 3961 buius
875 3910 956 3961 verbi
990 3911 1171 3963 construendi
1207 3925 1313 3963 rnorem

181 3982 206 4029 6.
240 3996 291 4030 non
314 3976 443 4045 pudenter
462 3978 598 4045 qnisquam
617 3992 651 4028 ne
673 3994 705 4029 o·
756 3976 893 4031 Macrobii
923 3977 1072 4046 ignorasse
1106 3978 1235 4030 ridentur
1265 3976 1315 4043 qui

146 4046 194 4115 dit]
214 4044 231 4097 i.
244 4062 267 4097 e.
285 4045 431 4111 impudens
445 4042 500 4095 erit
516 4043 564 4109 qni
582 3992 705 4112 negabit.
758 4061 808 4110 pso
830 4046 1006 4098 subtrahendo
1028 4048 1084 4111 (se.
1108 4052 1218 4113 poento)
1242 4044 1315 4093 sesi·

145 4108 706 4244 crltttttt‘ttitt-lttt‘itti
756 4114 1043 4230 tttt⁰‘.”ttt‘tt
1059 4111 1315 4242 <¹33030⁸3l²2³t

145 4248 246 4301 eltavlt
270 4246 408 4307 Zeunins,
438 4263 461 4295 e.
486 4248 541 4295 14.=
574 4216 626 4309 Qiri
648 4262 707 4295 eom
757 4246 822 4310 pairs
846 4246 874 4296 is
895 4246 1009 4295 medium
1035 4215 1145 4309 deteget
1172 4242 1315 4292 inscien-

144 4314 365 4383 grooorisnorbo
384 4328 439 4363 sese
458 4313 579 4375 sentiret,
608 4312 707 4362 scrinio
757 4311 829 4363 tiae
851 4312 909 4361 Vir
940 4309 1239 4361 lliosoooalnoro.
1274 4306 1314 4359 dd

145 4397 225 4447 saepe
256 4390 283 4433 et
315 4396 419 4449 sepgno
449 4378 581 4433 instaretis
610 4378 707 4445 petivit
756 4391 854 4428 rosam
872 4378 937 4443 pond
952 4373 1169 4441 intelligendum
1186 4377 1232 4425 ost
1248 4373 1306 4444 egit

189 4462 228 4525 Π,
1111 4444 1162 4510 14
