3042 4900
233 53 294 123 188
703 49 915 118 medoen

231 225 377 310 Gigantas
403 229 505 290 autem
527 219 601 308 quid
625 219 706 285 aliud
726 219 821 285 briem
841 217 1028 284 credendum
1055 226 1104 283 est
1127 237 1221 303 ριιοοο
1243 218 1402 286 bominum

230 310 382 394 quandam
405 308 516 393 inpiam
539 315 659 391 gentem
685 306 758 370 deos
778 313 939 390 negantem
960 312 993 368 et
1016 303 1086 369 ideo
1113 303 1304 369 aestimatam
1328 306 1403 372 dcoa

199 396 341 544 lipellere
360 392 398 457 de
418 393 539 458 caelesti
562 391 633 456 sede
651 391 803 455 voluisset
849 392 969 455 Horum
991 389 1083 474 pedes
1105 389 1136 452 in
1159 390 1328 454 draconum
1349 412 1402 455 vo·

240 481 343 544 nmina
362 479 555 544 desinebant:
587 477 670 562 quod
692 476 843 559 significat
858 475 931 539 nibil
953 495 1007 539 eos
1025 483 1143 538 rectrrm
1162 474 1237 539 nihil
1257 496 1402 561 superum

228 565 377 650 cogitasse
408 563 503 629 totius
531 563 610 627 vitae
640 581 746 626 eorum
778 581 885 645 gressu
915 568 1008 644 atque
1040 580 1185 644 processu
1221 560 1252 623 in
1284 560 1401 625 inferna

227 657 392 733 mergente.
443 649 493 713 nb
521 648 578 712 bae
601 655 691 730 gente
720 646 766 711 sol
794 666 908 731 poenas
933 645 1050 710 debitas
1075 646 1104 709 vi
1131 643 1264 730 pestiferi
1292 646 1401 710 caloris

180 734 335 818 illexegit.
389 734 431 798 Et
462 754 565 798 revera
591 731 753 798 Herculem
781 732 875 795 solem
902 750 969 794 csse
1000 730 1047 795 vel
1077 750 1115 794 ex
1144 731 1269 796 nomine
1298 732 1400 795 claret.

225 815 386 904 Ἡρακλῆς
412 819 493 882 enim
520 818 594 902 quid
620 816 702 881 aliud
726 823 773 882 est
805 816 864 880 nisi
880 810 998 899 Ἥρας,
1031 814 1061 880 id
1087 823 1135 880 est
1158 816 1252 893 aeris,
1287 814 1399 892 κλέοςῗ

229 906 319 984 Quae
341 925 433 991 porro
454 903 511 966 alia
534 901 611 967 aeris
631 901 726 985 gloria
748 911 795 966 est
814 901 873 964 nisi
898 901 971 964 solis
995 900 1201 978 inluminatio,
1231 901 1321 966 cuius
1351 923 1398 966 re·

180 990 317 1056 lloessu
350 988 555 1074 profunditate
588 987 739 1051 occulitur
768 986 983 1050 tenebrarum?
1048 986 1210 1050 Praeterea
1242 1007 1396 1051 sacromm

228 1074 503 1141 administrationes
533 1070 614 1157 apud
641 1072 808 1156 Aegyptios
834 1069 993 1155 multiplici
1020 1079 1091 1135 actu
1119 1071 1316 1156 multiplicem
1349 1071 1398 1135 dei

227 1161 372 1224 adserunt
402 1166 600 1244 potestatem,
633 1156 837 1240 significantes
866 1155 1027 1221 llerculem
1061 1155 1143 1221 hune
1175 1178 1242 1220 esse
1270 1155 1329 1220 τὸν
1362 1154 1398 1220 ἐν

179 1245 307 1309 lintion
326 1243 383 1310 καὶ
404 1240 459 1307 διὰ
483 1239 615 1307 πάντων
637 1237 739 1325 ἥλιον.
783 1243 831 1306 Ex
853 1259 886 1305 ro
906 1260 1031 1326 quoque
1054 1241 1125 1306 alibi
1145 1249 1293 1306 terrarum
1313 1250 1398 1324 gesta

174 1338 456 1414 [arojargumentum
477 1349 540 1393 non
563 1327 621 1392 vile
648 1327 807 1412 colligitur.
851 1327 928 1392 Nam
950 1326 1073 1390 Tberon
1097 1347 1150 1391 rex
1171 1327 1336 1412 Hispaniae
1355 1327 1397 1392 ci-

225 1414 344 1480 terioris
365 1435 434 1478 cum
464 1413 502 1478 ad
526 1412 759 1498 expugnandum
783 1411 924 1476 Herculis
951 1412 1097 1496 templum
1126 1420 1267 1495 ageretur
1293 1411 1396 1477 lurore

223 1499 391 1564 instnrctus
414 1500 548 1564 exercitu
568 1498 700 1575 navium,
722 1497 864 1562 Gaditani
885 1517 922 1561 ex
945 1496 1072 1561 adverso
1093 1505 1242 1562 venenant
1260 1498 1395 1581 provecti

224 1585 351 1650 navibus
381 1585 491 1669 longis,
522 1584 747 1668 commissoque
775 1581 890 1667 praelio
917 1580 1017 1646 adbuc
1045 1601 1145 1666 aequo
1171 1583 1271 1647 Marte
1295 1582 1395 1647 consi-

225 1676 324 1734 stente
343 1690 446 1755 pugna
467 1668 569 1734 subito
589 1669 621 1734 in
643 1667 743 1754 lugam
765 1688 870 1734 versae
891 1676 963 1733 sunt
984 1667 1084 1751 regiae
1105 1687 1210 1746 naves,
1242 1667 1396 1753 simulque

292 1864 372 1931 [nu.
392 1862 519 1915 seces.

221 1947 423 2000 abnue-ema.
452 1947 552 2012 „llaec
572 1945 741 1998 constructio
759 1962 821 1998 enm
840 1961 858 1998 e
872 1945 985 2015 legibue
1004 1945 1120 2015 linguae
1140 1947 1267 2011 recedat,
1283 1951 1332 2000 ant
1349 1964 1395 2000 re·

221 2032 291 2067 voca
311 2016 458 2067 lectionem
478 2015 527 2066 Ed.
546 2021 601 2066 vet.
620 2015 738 2082 (va-gb)
759 2032 817 2082 pro
837 2016 909 2067 eoelo
923 2025 1109 2134 pugnarat,
1135 2024 1185 2069 aut
1202 2017 1317 2068 emenda
1331 2033 1394 2084 pro

222 2085 292 2135 coelo
312 2091 523 2152 propugnaret,
552 2099 623 2150 queo
649 2083 740 2134 iorrna
760 2099 845 2148 saepe
867 2099 921 2149 opu
959 2083 1072 2136 Latino·
1091 2093 1222 2137 anctore·
1239 2083 1394 2138 oeerrrrit.“

221 2151 308 2205 chn.
342 2153 415 2203 coelo
429 2158 645 2219 propugnasset
664 2149 710 2201 Sr.
733 2177 758 2188 ·-
785 2152 925 2218 gigantea
942 2151 1047 2220 Ast-g.
1066 2179 1098 2190 -
1117 2155 1207 2217 suinae
1222 2153 1285 2205 add.
1301 2170 1317 2204 a
1335 2170 1393 2208 aee.

220 2236 257 2270 m.
276 2220 308 2270 G.
328 2247 362 2258 —
381 2219 574 2271 existimatam
593 2217 710 2285 sna-gb.
747 2219 910 2271 estimatum
928 2224 972 2270 vl.
1058 2223 1083 2271 ll.
1106 2221 1175 2272 nibil
1193 2238 1293 2272 eornm
1312 2221 1341 2272 h.
1362 2251 1390 2263 -

219 2287 327 2360 inferna
345 2294 413 2347 (ona.
429 2289 472 2351 in)
490 2286 521 2337 P.
539 2313 572 2324 -
591 2289 624 2338 ob
643 2287 784 2354 tangente
799 2302 852 2336 om.
866 2287 896 2338 P.
1000 2291 1041 2338 10.
1068 2287 1214 2341 Herculea
1232 2291 1300 2340 enim
1317 2289 1336 2340 S
1356 2291 1392 2352 (Α

220 2371 311 2408 esec.
332 2355 393 2416 πμ).
411 2383 443 2393 -
465 2357 543 2406 beroe
560 2353 643 2422 Sv-g.
674 2381 702 2391 -
731 2356 802 2406 cerie
816 2355 885 2406 eleo·
901 2369 962 2424 r-g.
1000 2355 1052 2406 orie
1070 2355 1138 2406 elene
1154 2357 1188 2408 G.
1223 2359 1343 2409 erieoteor
1360 2359 1392 2412 Α.

220 2425 351 2476 erioeleoe
369 2421 399 2473 Β.
436 2425 487 2475 cria
504 2423 593 2475 oleron
610 2423 641 2473 P.
675 2422 745 2473 aerio
764 2423 858 2475 elatem
872 2421 901 2477 S.
923 2452 951 2462 —
971 2422 1028 2474 olio
1043 2439 1097 2475 orn.
1115 2423 1143 2475 S.
1161 2452 1193 2462 -
1208 2426 1392 2491 profundite·

220 2490 248 2545 S.
282 2491 467 2560 profunditate
485 2492 633 2560 spiritur
656 2506 709 2558 r-g
730 2496 776 2551 (vl
799 2490 883 2558 epn‘e)
902 2490 1038 2557 „vitione
1057 2491 1216 2542 iortaeeief·
1236 2492 1319 2543 Zeno.

255 2564 296 2610 ll.
326 2558 395 2609 barne
413 2578 467 2612 eree
488 2577 542 2611 om.
561 2575 588 2611 v.
630 2558 702 2609 bine
723 2576 787 2610 non
808 2575 863 2611 eree
885 2562 961 2627 (erip.
979 2562 1134 2619 ennecone)
1152 2559 1185 2610 G.
1212 2587 1244 2597 —
1276 2556 1388 2613 mitid

218 2622 329 2679 πάντων
347 2620 423 2693 ἥλιον
440 2644 494 2679 om.
513 2627 541 2679 S.
637 2630 676 2677 ta.
706 2627 812 2678 colitur
828 2625 857 2678 S.
875 2655 907 2665 -
926 2628 1145 2694 expurgandam
1161 2626 1190 2679 S.
1205 2654 1239 2665 -
1257 2628 1389 2681 instructo

218 2710 279 2760 r-g.
299 2722 331 2735 -
356 2697 486 2749 exercitui
503 2701 547 2746 rt.
565 2723 598 2733 —
617 2711 714 2746 nvem
731 2695 764 2745 G.
796 2720 829 2733 -
858 2696 1006 2748 exsistente
1024 2695 1101 2747 Pe-a.
1129 2694 1209 2761 „Noe
1227 2695 1321 2761 video,
1338 2713 1390 2748 eur

218 2762 378 2830 Stepbanue
398 2766 512 2816 verbum
531 2761 667 2815 exsistere
685 2762 712 2813 in
738 2778 822 2813 eeneu
843 2764 926 2828 plane
950 2763 1070 2814 barbaro
1090 2762 1245 2830 receperit,
1274 2781 1337 2815 enm
1360 2764 1390 2817 in

217 2830 292 2883 lldit.
311 2838 364 2883 vet.
382 2835 537 2886 continente
553 2833 707 2899 legeretur,
723 2831 795 2896 quod
813 2838 857 2883 eet
873 2828 1073 2899 exquiritum.“
1087 2830 1173 2884 Zeno.
1187 2857 1221 2871 —
1238 2849 1392 2885 eoneereoe

218 2999 265 3066 qni
285 3001 358 3055 bane
376 2999 610 3054 eonelruetionem
630 3017 646 3052 e
664 2997 778 3069 legibue
821 2990 928 3066 Ἦραν
944 2993 1019 3064 ἔσχε
1034 2996 1144 3067 elice,
1156 2994 1278 3053 ’.41κοῖοο
1293 2996 1390 3068 πρότε-

217 3066 334 3135 linguae
366 3071 498 3122 recedere
525 3069 681 3129 contendit,
716 3068 778 3133 ipae
828 3082 879 3133 poe
894 3061 1072 3131 καλούμενον.
1100 3069 1286 3134 apollodoro·
1309 3069 1389 3135 lte,

218 3152 242 3186 e.
264 3140 305 3185 tr.
327 3137 340 3201 5
359 3140 401 3186 23.
434 3138 495 3189 eino
519 3137 579 3187 ulle
603 3135 779 3187 dubitatione
830 3136 902 3197 ¹²25
920 3138 930 3183 1
947 3151 989 3198 eq.
1005 3128 1087 3206 Ἀὐτῷ
1103 3134 1203 3204 συνέβη
1219 3131 1292 3187 κατὰ
1309 3136 1389 3203 ζῆλον

218 3203 334 3271 eeripeit
349 3205 424 3255 bonit
441 3220 669 3275 propugnare.
821 3197 924 3267 Ἥρας
939 3201 1061 3267 μανῆναι
1077 3200 1125 3254 καὶ
1139 3199 1205 3263 τοὺς
1218 3204 1308 3264 ἰδίους
1324 3208 1389 3256 noi·

250 3300 276 3346 9.
312 3297 341 3347 in
365 3295 508 3347 draconem
527 3295 672 3363 volumina]
697 3294 778 3346 Geni.
828 3269 931 3389 'ignei
954 3268 996 3356 ,εἷς
1020 3268 1077 3388 πῗθ
1103 3264 1244 3355 efferato:
1272 3304 1315 3322 ···
1342 3268 1388 3377 &fl

217 3381 241 3415 o.
262 3368 303 3417 ιο.
319 3366 353 3427 §a
375 3367 406 3415 rc
432 3372 461 3416 aa
479 3367 529 3426 ra,
550 3366 713 3427 aaran.
733 3364 778 3414 rra
928 3350 1015 3396 ’ωας
1054 3353 1142 3389 ww
1170 3340 1375 3406 ovmthm

215 3434 301 3505 cingit
313 3435 434 3501 fleruoeo
451 3432 617 3485 columine
636 3432 724 3483 draeo.
825 3420 909 3539 ‘533
919 3402 969 3523 μὲν
985 3398 1389 3539 lewgic'uflnffl’fflss

248 3531 289 3578 1⁰.
336 3525 474 3579 Herculem
509 3524 588 3576 colem
627 3522 691 3589 eene]
731 3520 775 3573 Gi.
825 3534 887 3592 τότε
900 3532 1051 3605 „ggm‘pp
1073 3535 1176 3591 mg„
1187 3535 1275 3591 agn),
1285 3553 1388 3605 mm,

214 3586 689 3677 LflFf·1¹ld·,W2„⁴⁶·⁸Ht⁰f”²⁷'l⁹
709 3582 775 3642 Μ
824 3601 951 3673 γόρεοοε·
985 3601 1018 3657 ed
1051 3556 1082 3656 ll
1113 3605 1225 3669 πρῶτον
1257 3601 1387 3672 Ἀλκείδης

213 3676 312 3777 ξθθῗθΰ
334 3680 410 3729 παρα
430 3676 469 3710 '⁰’
491 3662 640 3727 Νῑκθμαῑω
658 3659 774 3725 ‘lilim’
824 3669 1042 3741 προσηγορεύετο
1067 3672 1139 3733 (rid.
1158 3674 1242 3725 etiem
1256 3673 1280 3734 l,
1295 3677 1321 3727 6.
1333 3678 1386 3735 2).

235 3730 283 3779 ll&
302 3725 362 3811 μὴν
386 3710 560 3807 καζἯῖῑῡε·
600 3712 629 3782 li
645 3742 703 3811 ψ’
724 3719 776 3777 θῧ·
824 3768 858 3779 -
881 3741 950 3792 luno
974 3758 1023 3793 aer
1043 3712 1109 3792 icae
1127 3741 1233 3793 dicitnr
1256 3741 1343 3792 etiam
1361 3758 1386 3793 o.

213 3797 462 3877 ape-‚Heaetre
480 3792 529 3875 μὲν
546 3812 597 3879 qvv
615 3814 631 3846 ο
646 3789 775 3874 {annaei
827 3812 866 3859 rs.
889 3810 906 3872 ς
928 3813 978 3875 οο;
1009 3826 1033 3860 ο.
1056 3812 1096 3859 ιτ.
1120 3810 1136 3872 s
1158 3812 1207 3873 ⁵43
1237 3807 1343 3861 comm.
1361 3813 1386 3874 r,

213 3878 265 3927 την
282 3858 352 3927 oripo
369 3864 464 3914 κλαοον
479 3881 512 3930 τῃ
528 3880 584 3913 τωο
602 3857 681 3926 ὥρων
697 3876 775 3926 περι·
824 3880 867 3935 17,
886 3880 926 3927 η,

213 3928 303 3999 tevai
320 3924 492 3995 ποιούμενος,
504 3924 643 3980 τουτέστιν
653 3921 774 3986 Ἥλιοο-
858 3946 900 3993 ιο.
941 3944 1008 3997 orror
1044 3952 1175 3996 raama
1220 3942 1276 3994 sar
1313 3947 1386 3995 tam-

240 4007 341 4080 Ἥρας,
367 4014 396 4064 id
423 4021 461 4065 eet
486 4013 570 4075 cerie,
595 4006 682 4075 κλέος]
712 4008 771 4059 lid.
823 4010 900 4078 plum
923 4014 1092 4065 Gaditanam
1120 4027 1137 4063 a
1163 4010 1263 4093 'ipriie
1287 4009 1386 4062 eondi-

212 4088 269 4134 not.
294 4080 329 4132 ad
356 4083 368 4145 ᾗ
394 4084 418 4131 0.
454 4079 497 4131 Cl.
522 4079 634 4131 Diodor.
658 4075 708 4141 lt,
732 4080 773 4129 10.
823 4085 882 4130 tum
921 4080 1039 4134 lleeenli
1080 4082 1222 4147 Aegyptio
1261 4078 1385 4130 dicatam

213 4146 292 4201 Mani
325 4144 355 4201 dl
379 4150 469 4201 ταῦτα
491 4142 510 4215 ἡ
535 4142 584 4214 plo·
605 4140 686 4215 Ἦρα
720 4137 772 4195 doio
820 4146 912 4201 lnieee
939 4150 1039 4201 retulit
1061 4149 1159 4214 Pomp.
1184 4146 1262 4198 blele
1285 4146 1340 4207 lll,
1358 4149 1385 4197 0.

210 4215 364 4283 δράκοντας
380 4212 517 4271 ἀπέστειλε
532 4212 600 4277 τοὺς
616 4208 773 4269 &vuidone-
821 4215 883 4266 liae
898 4219 1031 4285 templum
1045 4220 1281 4267 commemoretur
1297 4214 1385 4265 ortam

209 4302 261 4345 τας
271 4282 304 4337 τὸ
320 4283 436 4353 βρέφος·
451 4280 466 4337 ὁ
482 4280 511 4337 di
526 4288 628 4344 παῖς..
642 4276 773 4342 ἀπέπνιξε
822 4297 839 4333 ο
855 4283 994 4338 Strabone
1011 4284 1062 4343 lll,
1081 4287 1109 4343 e,
1127 4300 1155 4349 p.
1164 4286 1218 4332 212
1235 4288 1265 4333 et
1277 4285 1329 4332 276
1341 4298 1385 4347 eq.

210 4348 276 4411 τοὺς
295 4350 456 4419 δράκοντας.
492 4346 595 4418 Διόπερ
615 4348 657 4419 Ἀρ
675 4350 727 4401 οἶοι
746 4381 771 4396 ..
821 4348 931 4403 Tenen.
949 4360 978 4404 et
995 4367 1013 4404 e
1030 4350 1126 4404 Plinio
1143 4350 1176 4402 N.
1197 4350 1234 4400 11.
1253 4349 1342 4413 11,οῐ
1361 4366 1385 4401 e.

210 4410 369 4487 'lieentia
384 4415 609 4490 προσηγόρευσαν
614 4458 624 4489 ,
650 4368 703 4475 ἔτι
725 4413 743 4467 d
747 4407 771 4465 ι’
824 4420 880 4469 10⁰.
897 4427 927 4474 et
941 4419 1016 4485 lllll,
1029 4422 1046 4472 4
1058 4436 1082 4473 e.
1093 4422 1130 4471 Ἠ
1140 4418 1180 4471 al.
1191 4417 1281 4479 (conl.
1295 4415 1385 4470 liren-
