3042 4900
205 91 225 151 4
681 83 894 153 macnoan

204 253 308 352 perior
327 261 363 319 ut
386 273 440 339 per
459 252 534 318 liaeo
557 251 621 317 sola
641 271 823 339 promoveas
845 252 958 339 quibus
981 252 1151 318 ediscendis
1172 252 1290 324 naviter
1310 254 1375 353 ipse

205 338 355 424 invigilas,
381 336 436 403 sed
493 358 512 402 o
534 344 570 401 ut
589 357 647 421 ego
671 356 797 423 quoque
819 338 875 403 tibi
897 337 1037 423 legerim,
1071 346 1103 401 ct
1121 338 1269 435 quicquid
1290 340 1375 419 mihi,

152 424 268 507 {tesval
289 432 320 488 te
339 423 400 488 iam
423 422 454 487 in
488 441 576 486 ueeni
596 421 680 487 edito
698 422 746 487 vel
765 431 930 507 antequam
945 423 1122 500 nascereris,
1135 445 1165 487 in
1178 424 1305 489 diversis
1318 446 1375 490 seu

207 444 341 573 iiraecae
364 526 420 573 seu
439 507 596 572 Romanae
616 506 737 591 linguae
759 506 965 572 voluminibus
986 507 1174 572 elaboratum
1196 516 1252 584 est,
1274 509 1305 573 id
1326 517 1374 574 to·

205 602 272 658 tum
308 591 348 657 sil
377 590 433 659 tibi
455 592 598 657 scientiae
624 591 773 676 supellex,
806 600 838 657 et
862 592 950 677 quasi
979 592 1018 656 de
1043 592 1176 677 quodam
1204 592 1373 658 litterarum

225 698 294 754 eno,
311 677 337 743 si
359 674 482 763 quando
500 696 575 741 usus
595 675 711 741 venerit
730 685 786 741 aut
803 676 948 741 historiae
966 697 1046 761 quae
1067 676 1098 740 in
1120 676 1268 742 librorum
1289 687 1374 743 strue

202 699 302 827 liabens
330 760 406 825 clam
434 760 524 845 vulgo
550 767 597 825 est
622 767 677 825 aut
696 760 770 825 dicti
793 758 900 825 lactine
924 760 1129 826 memorabilis
1150 762 1372 841 reminiscendi,

176 846 291 925 alacile
321 845 352 909 id
379 844 436 912 tibi
462 846 588 913 brientu
611 853 703 929 atque
731 846 750 910 d
791 854 915 931 romptu
942 846 990 911 sit
1033 847 1096 912 Nec
1123 846 1270 930 indigeste
1294 856 1371 912 tam-

205 950 298 1017 quam
321 929 513 995 inaceriam
534 930 741 1013 congessimus
752 866 852 1014 digna
873 938 1058 995 memoratu:
1078 930 1132 995 sed
1154 931 1304 999 vanarum
1324 953 1371 997 re·

205 1036 274 1080 rum
301 1014 496 1101 disparilitas,
535 1014 712 1079 auctoribus
742 1014 861 1080 diversa
894 1014 1020 1080 confusa
1049 1016 1251 1101 temporibus,
1279 1016 1321 1081 ita
1342 1017 1373 1081 in

206 1098 360 1186 quoddam
375 1099 499 1197 ‚digera
521 1119 632 1183 corpus
653 1107 715 1175 est,
738 1107 775 1164 ut
795 1120 874 1187 quae
892 1099 1066 1197 indistincte
1085 1108 1179 1186 atque
1200 1101 1374 1187 promiscue

206 1185 244 1249 ad
268 1180 437 1249 subsidium
464 1182 629 1249 memoriae
652 1193 905 1251 annotaveramus
934 1185 966 1250 in
996 1185 1133 1250 ordinem
1157 1183 1253 1250 instar
1277 1206 1372 1250 mem·

175 1269 330 1343 abrorum
357 1266 550 1365 cohaerentia
577 1269 783 1366 convenirent.
835 1271 898 1336 Nee
923 1269 997 1334 mibi
1028 1270 1102 1335 vitio
1130 1278 1243 1347 vertas,
1274 1270 1300 1334 si
1324 1290 1373 1335 res

204 1374 282 1453 puae
311 1372 349 1416 eri
379 1351 510 1449 lectione
543 1372 624 1419 rana
657 1353 926 1452 mutuaboripsis
952 1375 1044 1453 saepe
1069 1354 1167 1420 verbis
1191 1356 1303 1441 quibus
1334 1356 1372 1420 ab

204 1462 213 1503 i
236 1458 277 1503 sis
294 1437 472 1533 auctoribus
493 1445 649 1535 enarratae
671 1446 743 1503 sunt
764 1438 934 1524 explicabo,
954 1460 1027 1525 quia
1045 1460 1189 1536 praesens
1209 1461 1288 1538 opus
1310 1461 1373 1504 non

204 1460 252 1587 clo
274 1528 397 1618 uentiae
421 1528 656 1586 ostentationem
681 1524 735 1587 sed
760 1524 983 1589 noscendorum
1008 1544 1178 1607 congeriem
1199 1525 1372 1609 pollicetur:

204 1615 236 1672 et
254 1542 333 1671 loni
352 1605 492 1704 consulas
514 1615 651 1703 oportet,
675 1608 700 1671 si
722 1608 861 1674 notitiam
884 1608 1044 1675 vetustatis
1062 1608 1155 1673 modo
1177 1610 1290 1672 nostris
1309 1628 1372 1671 non

204 1692 335 1757 obscure
354 1688 446 1755 modo
469 1711 478 1754 i
501 1712 542 1755 sis
563 1692 759 1776 antiquorum
783 1693 912 1758 lidelitcr
930 1692 1030 1757 verbis
1051 1712 1258 1776 recognoscas,
1280 1699 1373 1777 prout

175 1781 347 1874 {iquaeqae
377 1794 410 1839 se
438 1712 500 1840 rel
514 1776 682 1841 enarranda
712 1772 995 1874 veltranslerenda
1024 1776 1238 1859 suggesserint
1289 1780 1373 1859 Apes

204 1881 286 1927 enim
309 1859 536 2009 pedemmodo
557 1860 704 1926 debemus
725 1861 853 1938 imitari,
876 1881 956 1946 quae
976 1869 1123 1943 vagantur
1141 1869 1174 1924 et
1193 1860 1284 1925 llores
1306 1880 1371 1924 car-

204 1951 291 2032 pimt,
333 1942 422 2009 einde
442 1943 590 2030 quicquid
609 1945 736 2011 attulere
757 1946 925 2031 disponunt
946 1966 982 2009 ec
1001 1964 1056 2029 per
1076 1943 1161 2009 ieros
1180 1945 1321 2019 dividunt
1340 1951 1374 2010 et

270 2128 340 2182 si...
358 2126 500 2195 iners]

201 2213 402 2283 praessuris
420 2210 454 2263 ΙΙ.
489 2218 520 2263 te
538 2226 694 2279 promoveas
716 2212 762 2280 l-g
781 2210 958 2279 inprobante
976 2210 1063 2263 Zeira.
1097 2212 1158 2265 Vld.
1174 2216 1232 2265 ast.
1258 2238 1294 2253 -
1321 2228 1374 2264 ss·

201 2284 268 2336 aiter
285 2286 432 2345 (supser-
450 2280 487 2347 g)
509 2277 539 2329 Α.
575 2280 707 2345 guaviter
726 2279 781 2347 i-g.
814 2281 947 2349 graviter
967 2279 1017 2331 Se.
1045 2308 1078 2319 -·
1105 2282 1163 2348 ipse
1185 2298 1240 2332 osis.
1261 2279 1306 2332 eli.
1343 2306 1369 2317 -

204 2366 255 2419 ege
273 2351 323 2415 pir,-
340 2346 387 2399 tibi
404 2344 447 2406 (in
467 2362 521 2413 mg,
542 2347 657 2413 proprie)
671 2346 706 2401 (Ι.
741 2364 792 2415 ego
810 2347 970 2415 quiequid
989 2347 1053 2415 gin
1072 2365 1131 2414 ing.
1155 2376 1179 2385 -
1196 2365 1271 2415 pessis
1290 2346 1370 2414 s-gb.

203 2432 303 2486 promo
316 2414 349 2466 G.
363 2441 398 2454 -
415 2428 479 2466 aras
495 2418 612 2466 evenerit
630 2414 659 2464 Λ.
675 2442 709 2455 ·-
727 2416 836 2468 inseritis
851 2422 931 2482 atque
949 2416 983 2466 iss
998 2416 1151 2484 preaterii.
1170 2416 1308 2468 incestasse
1327 2420 1372 2466 at-

205 2501 256 2552 qse
273 2485 439 2550 depravatam
458 2481 506 2534 Pe.
610 2485 636 2532 3.
670 2483 817 2550 Nepaeb.
836 2509 867 2520 -
885 2485 925 2534 ab
946 2485 1082 2536 asterites
1098 2486 1123 2545 (ι’
1140 2484 1232 2543 astla.)
1251 2483 1372 2534 dieersis

202 2551 282 2618 iclig.
302 2577 329 2589 -
351 2565 445 2618 eorpus
463 2551 571 2619 digesta
588 2549 621 2602 G.
639 2579 672 2589 -
694 2553 730 2602 ad
748 2551 893 2602 sabsidirssr
909 2554 1051 2604 maneriae
1068 2552 1136 2603 bles.
1154 2561 1184 2602 et
1199 2550 1276 2602 Geli.
1293 2550 1326 2602 Ν.
1339 2549 1372 2601 Δ.

202 2617 297 2672 Praei.
315 2619 369 2681 58.
404 2617 440 2668 ad
456 2617 596 2669 armoriae
611 2620 756 2670 subsidiem
775 2618 844 2668 Edd.
948 2621 973 2669 4.
989 2621 1051 2687 ipse
1067 2636 1147 2688 saepe
1164 2635 1241 2686 rc-g.
1257 2645 1291 2656 —-
1310 2625 1371 2668 seat

203 2703 257 2738 oin.
279 2683 327 2737 Pb.
345 2711 378 2722 -
395 2685 543 2751 pollicetar.
569 2685 605 2735 id
622 2694 669 2738 est
686 2687 728 2738 ad
745 2687 933 2738 astilitritera
950 2687 1122 2753 respicias.
1151 2693 1176 2738 et
1199 2687 1260 2737 bosri
1277 2702 1372 2737 mrs-

202 2753 283 2805 lcsA
306 2753 343 2817 „2
359 2750 463 2818 tigre
566 2754 593 2801 b.
620 2756 689 2818 Apes
706 2754 776 2804 assisa
792 2759 844 2803 aet.
863 2769 951 2816 iisqne
969 2753 1004 2802 ad
1023 2755 1175 2820 cosspiwta
1193 2757 1224 2817 (5
1247 2759 1292 2816 10)
1334 2751 1372 2801 ei.

201 2821 299 2872 Senee.
315 2816 404 2884 epist
420 2819 463 2870 84.
488 2821 522 2883 55
545 2823 651 2870 a-to.
671 2847 706 2860 -
725 2821 880 2872 attulerint
898 2825 976 2885 (sup.
993 2825 1037 2880 re)
1055 2820 1089 2870 G.
1109 2847 1140 2858 -
1163 2837 1213 2887 per
1224 2824 1307 2885 saeos
1326 2820 1370 2870 di-

237 2983 262 3031 2.
297 2981 462 3049 promoveas]
486 2981 558 3042 „Ed
576 2989 631 3035 vet·
651 2992 682 3037 ts
699 3001 762 3052 pre·
813 2991 838 3037 te
857 2985 936 3052 legit
959 2980 1032 3049 aprid
1057 2982 1179 3034 comicos
1203 2990 1233 3033 et
1259 2979 1371 3048 quidem

204 3064 318 3101 massas
364 3046 418 3098 Sed
449 3047 608 3102 adlectione
633 3059 663 3103 te
692 3068 763 3117 opus
812 3052 885 3118 apud
910 3049 1075 3102 Terentium
1098 3049 1157 3115 legi
1183 3049 1210 3099 iri
1238 3063 1293 3098 una
1315 3047 1372 3098 lle-

204 3132 258 3168 rion
277 3118 336 3181 est,
349 3115 415 3180 quia
431 3133 591 3184 promovere,
609 3117 636 3167 li.
655 3135 679 3168 e.
698 3135 763 3183 pro·
813 3134 882 3186 egra
898 3117 956 3183 (ll,
972 3121 999 3181 Ι,
1021 3120 1066 3179 ¹⁹3
1089 3116 1147 3179 ΙΙΙ,
1164 3117 1191 3181 4,
1209 3121 1256 3178 1⁰3
1276 3115 1326 3178 tt,
1348 3117 1373 3178 Ι,

204 3181 304 3245 dcere,
332 3181 415 3234 stiam
440 3181 608 3249 simpliciter
632 3184 764 3247 occurrit,
812 3189 863 3244 ως
888 3184 932 3247 ll’,
949 3189 976 3245 2,
996 3184 1043 3247 l.).

205 3249 294 3301 veluti
322 3247 398 3300 Gell.
425 3249 463 3311 V,
490 3253 521 3300 10
542 3247 588 3318 [1.]
622 3251 707 3316 Quum
734 3253 761 3302 iri
847 3256 873 3302 3.
911 3247 1190 3319 Νοοίπάἰςαίοοοι]
1208 3247 1261 3298 llis
1277 3243 1372 3296 sorbis

204 3317 293 3370 stadio
305 3316 761 3386 facundiaealrserdepressoois-
813 3333 892 3370 suani
917 3319 1054 3369 reticueris
1083 3317 1199 3384 opponit
1222 3315 1372 3367 (lollianae

205 3385 283 3437 sat.“
298 3383 384 3436 Zeus.
814 3401 887 3452 qaae
904 3385 1053 3453 exponitur
1069 3385 1088 3437 Ι.
1109 3401 1133 3434 o.

205 3453 318 3571 satta
335 3449 765 3582 il‘illltl'l'lltd‘lll
831 3453 1092 3571 „tarnat
1109 3449 1282 3583 territt
1298 3444 1372 3564 “vit

204 3603 268 3640 esim
287 3587 460 3652 Macrobius,
488 3601 550 3639 cairi
570 3537 640 3638 bdelli
657 3588 763 3639 scribe·
814 3538 982 3667 disparilitas
1018 3583 1372 3644 eneruiuetttorcsa..

205 3654 267 3718 bat,
297 3660 363 3706 ante
383 3654 482 3707 oculos
505 3655 619 3716 babuit,
648 3655 765 3723 scripsit
814 3654 863 3704 alre
893 3653 948 3704 rid.
976 3651 1060 3713 biae,
1085 3651 1133 3718 qai
1159 3651 1228 3704 citat
1251 3650 1371 3702 eundern

205 3721 285 3786 pansi
317 3720 459 3786 quoddam
488 3721 637 3774 litterarum
663 3739 764 3790 perias,
814 3719 979 3784 vt1,a‚er
1002 3719 1162 3771 etvarron.
1181 3718 1212 3771 li.
1230 3717 1261 3770 ls.
1280 3716 1372 3778 lm

205 3793 236 3836 nt
261 3791 337 3837 certe
358 3802 410 3836 non
435 3786 474 3837 sit
497 3789 569 3853 quod
593 3788 765 3839 editionibus
813 3789 898 3852 §863
921 3787 1077 3854 hypallage
1098 3803 1185 3840 serata
1203 3784 1372 3855 disparilitas

204 3853 233 3904 ln
257 3854 358 3918 quibus
381 3860 432 3905 est·
450 3869 526 3920 perses
559 3855 652 3920 magis
680 3857 764 3905 obse·
814 3854 967 3923 ..digesta
983 3863 1022 3906 est
1037 3870 1090 3905 non
1110 3853 1188 3906 item.

187 3935 324 3985 ‚quemne
341 3936 424 3985 quarn
444 3920 527 3972 libris
542 3920 609 3974 Mas.
633 3921 764 3972 (locide
847 3923 872 3971 4.
915 3922 970 3973 Nee
998 3922 1064 3973 nist
1090 3923 1156 3974 citio
1184 3929 1274 3973 certas
1302 3917 1370 3983 eet]

204 3987 260 4037 bae
278 4001 347 4038 rece
366 3987 501 4040 lilanseu.
519 3987 585 4040 esc.
604 4003 631 4039 n.
651 3989 676 4040 d.
695 3988 763 4041 Pon.
812 3987 895 4040 llaec
909 3988 1021 4041 venians
1036 3987 1063 4040 ol
1087 4005 1141 4040 eos
1162 3987 1300 4040 «lederent
1319 3987 1371 4037 lio-

204 4053 240 4104 ll.
264 4070 290 4121 p.
309 4058 360 4105 6³6
376 4070 436 4121 sqq.
812 4055 903 4108 iiiiaes
925 4056 1040 4122 qnidam
1057 4057 1147 4120 docti,
1173 4071 1290 4123 quonia
1314 4045 1370 4105 liii2

236 4121 305 4172 elan
321 4139 338 4172 e
389 4139 406 4171 o
421 4119 470 4188 eet]
497 4120 515 4174 l.
536 4137 561 4172 e.
587 4122 690 4191 vulgas
716 4123 764 4174 la·
811 4137 867 4189 qna
891 4122 999 4177 indicis
1019 4123 1175 4192 conscripsi
1194 4121 1325 4189 prolegg.
1342 4137 1369 4186 p.

204 4187 257 4254 glt.
274 4188 311 4239 el.
330 4191 351 4252 l,
384 4227 391 4251 ,
412 4192 434 4239 Ι.
452 4189 524 4256 pand
541 4223 565 4239 ..
582 4190 662 4242 elaris
680 4199 761 4243 eete-
812 4205 894 4242 arni.

202 4255 250 4307 rs's
268 4271 339 4308 esse
361 4256 441 4322 esth,
467 4255 517 4321 ΙΙ,
535 4261 565 4320 t,
583 4261 611 4308 ³.
636 4259 707 4324 pised
727 4273 760 4309 ea
841 4257 1042 4324 sescesrlerisse]
1058 4257 1078 4309 l.
1097 4272 1122 4308 e.
1140 4269 1235 4307 reram
1252 4251 1368 4321 cognita

203 4321 238 4372 de
262 4323 357 4388 qsiiss
378 4323 496 4393 ambigis
521 4324 607 4376 claris
632 4332 664 4377 te
688 4341 760 4378 esse
810 4324 972 4408 digamia:
1155 4389 1161 4402 .

200 4389 759 4530 airamitrir‘tttttr
808 4395 1369 4529 ,nar-”arar
