3042 4900
166 82 176 97 ·
242 56 308 126 134
721 47 932 120 uacuoun

242 226 301 294 dus
317 223 451 299 offerret.
469 225 502 288 et
519 219 613 287 modo
631 218 782 308 proferret
797 241 923 288 menum
940 218 1035 288 modo
1050 217 1238 286 retraheret:
1256 221 1361 300 Nos,
1373 223 1418 288 in·

213 311 320 397 lquit,
340 320 369 374 te
385 328 479 374 essee
498 307 650 394 depbceto
668 306 766 374 dure?
806 307 892 372 Idem
914 328 986 374 caua
1006 306 1046 372 ab
1065 326 1104 372 eo
1121 306 1278 372 Pacubius
1300 309 1419 376 Taurus

242 394 443 491 congiarium·
454 399 588 491 poteret,
609 391 787 491 diceretque
805 392 866 458 iens
889 392 947 458 boc
964 391 1106 490 bouvines
1123 391 1216 489 vulgo
1239 392 1340 492 loqui,
1357 415 1418 460 aon

212 477 984 662 callasenslevcclccrc
998 479 1418 649 veuls

241 653 354 717 lentem
372 649 599 734 dicentemque:
633 649 703 716 Noe
723 649 805 716 lueri
823 671 916 715 masso
937 649 1010 714 dori
1028 649 1083 714 boc
1103 648 1178 713 mais
1198 670 1289 734 roeo,
1310 651 1362 716 sed
1382 664 1418 716 at

240 738 355 802 iudicio
375 746 426 800 tsso
446 756 556 799 munus
573 733 679 799 videor
697 737 878 822 impetrasse,
896 745 922 799 et
941 737 985 800 ito
1003 735 1135 820 officium
1154 734 1335 820 deposuisse,
1355 733 1414 800 boc

242 821 325 887 dicto
346 819 545 906 repercussit:
577 819 623 885 Tu
643 830 670 884 te
691 821 838 906 occepisse
856 819 941 907 opud
962 842 1061 884 onmes
1083 819 1216 904 offirrno,
1244 830 1271 884 et
1290 843 1343 906 epo
1364 821 1414 886 de·

212 907 320 974 bds'sm
343 928 390 971 me
413 927 477 970 rsoe
506 904 628 990 mocio.
683 903 846 970 Urbanites
870 904 1009 970 ciusdem
1035 903 1170 969 innotuit
1194 902 1276 968 circa
1294 905 1411 970 Heren-

242 991 328 1056 nium
351 988 488 1056 dedituur
508 988 589 1055 vitiis
613 987 763 1054 iuvenem.
799 990 902 1070 Quem
922 1009 993 1055 curn
1016 989 1124 1055 castris
1144 989 1292 1054 mcedsua
1309 989 1413 1056 iussis-

191 1083 322 1166 psvlset,
345 1082 377 1140 et
396 1074 446 1140 ille
465 1075 592 1160 supplex
612 1072 669 1140 bac
692 1074 906 1161 deprecatione
924 1081 1078 1140 uteretur:
1113 1074 1269 1153 Quomodo
1293 1076 1336 1140 ud
1354 1098 1413 1164 pe·

240 1163 317 1228 tries
336 1160 418 1226 sedes
440 1161 597 1226 revertar?
629 1160 703 1248 quid
723 1161 810 1248 putri
830 1182 894 1226 osec
921 1159 1041 1226 dream?
1070 1159 1243 1244 respondit:
1275 1161 1336 1226 Dic
1366 1183 1413 1228 me

212 1247 298 1314 'ltsbi
316 1245 511 1333 displicuisse
559 1243 640 1312 Saxo
661 1243 692 1310 in
712 1245 906 1332 expeditione
923 1265 1102 1332 percussum
1123 1265 1160 1310 ac
1182 1244 1310 1310 notabili
1333 1245 1411 1312 cica-

238 1331 314 1398 bice
332 1331 363 1396 in
389 1329 489 1396 lronto
506 1328 686 1409 deformem,
711 1330 839 1396 nimium
860 1338 962 1396 tamon
980 1351 1036 1396 sua
1054 1348 1148 1416 opera
1168 1328 1347 1409 iactantem,
1368 1331 1412 1397 sic

238 1416 345 1481 leniter
364 1415 439 1482 casti
460 1415 536 1480 avit:
561 1419 601 1481 Ar
620 1427 667 1492 tas,
689 1438 756 1482 eam
774 1417 888 1504 sapies,
909 1416 1207 1503 inquinatissimam
1225 1429 1297 1504 post
1315 1427 1343 1482 te
1363 1438 1411 1482 re-

210 1502 383 1590 8epcoreris.
431 1437 560 1580 (iarbae,
592 1501 680 1566 cuius
701 1500 831 1567 inlornre
852 1501 944 1587 gibbo
965 1509 1032 1567 erat
1050 1521 1178 1588 corpur,
1209 1500 1310 1586 agenti
1330 1501 1411 1587 apud

238 1607 272 1652 sc
290 1606 413 1652 causam
433 1594 465 1651 et
484 1586 659 1672 frequenter
676 1585 804 1653 dicenti:
832 1586 970 1674 (brripe,
990 1587 1025 1653 irs
1044 1609 1091 1651 me
1111 1587 1232 1673 siquid
1252 1587 1409 1673 repreben-

238 1673 303 1748 dis,
336 1671 506 1767 respondit:
539 1673 604 1758 Epo
631 1684 659 1738 te
686 1695 807 1738 monere
828 1696 968 1760 possesse,
1005 1674 1157 1758 corripere
1185 1693 1249 1737 nors
1276 1695 1407 1820 pomum

209 1755 319 1822 ilGum
342 1754 430 1820 mults
456 1755 568 1822 Severo
591 1756 697 1822 Cassio
722 1766 884 1824 accusante
911 1757 1149 1832 absolverentur,
1172 1763 1204 1820 et
1227 1775 1278 1821 arc
1299 1757 1408 1822 itectue

238 1839 296 1907 sori
319 1837 450 1924 Augusti
478 1840 718 1926 expectationem
745 1843 846 1930 operis
876 1842 930 1908 diu
955 1841 1102 1919 traheret,
1137 1840 1180 1905 ita
1205 1840 1325 1907 iocatus
1349 1851 1409 1908 est:

190 1926 231 1992 10
245 1926 347 1994 Vellem
376 1925 495 1992 &seio
521 1937 548 1992 et
572 1932 792 2015 meetseren
813 1939 936 1995 caecet
984 1927 1107 1994 Vettius
1131 1946 1203 1992 cum
1226 1948 1406 1994 monumen·

303 2093 385 2165 [aru.
404 2093 531 2150 sacas.

231 2183 363 2250 proterret
380 2181 456 2261 (sup.
474 2179 538 2232 add.
556 2181 648 2242 modo)
667 2181 701 2234 0.
803 2183 828 2233 4.
874 2181 996 2236 ueaoius
1011 2179 1135 2234 va-bl’,
1167 2175 1228 2232 Vid.
1244 2177 1272 2243 1,
1294 2155 1341 2244 11;
1359 2181 1403 2230 bb.

233 2275 268 2288 -
297 2249 331 2302 ob
347 2249 395 2300 illo
411 2249 462 2300 ssbi
477 2263 541 2316 v·g.
641 2253 668 2302 b.
702 2250 799 2303 mistus
816 2251 844 2302 oi
863 2268 912 2304 sus
937 2251 1013 2317 (sup.
1030 2253 1059 2310 r)
1076 2249 1108 2300 Α.
1208 2253 1234 2300 ’1.
1266 2247 1405 2312 detorna-

234 2323 297 2369 tum
315 2315 350 2367 H.
376 2342 411 2356 ·-
441 2315 617 2384 leoiterv-g.
719 2323 745 2369 8.
780 2319 891 2388 corrige
906 2335 947 2370 sae
964 2320 1034 2384 (om.
1051 2319 1094 2377 iss)
1113 2313 1208 2367 Ble.
1307 2318 1333 2366 9.
1362 2330 1409 2365 ss·

233 2384 408 2452 portationem
426 2383 474 2436 diu
495 2385 582 2452 operis
599 2383 633 2436 0.
645 2411 680 2424 -
702 2393 816 2438 occutus
832 2386 866 2437 0.
884 2412 918 2424 -
935 2392 1104 2438 occusmeet
1119 2385 1200 2452 v-gb.
1225 2381 1336 2451 „bages
1352 2380 1409 2432 lie·

235 2467 309 2521 guae
325 2452 803 2507 commendantbaaclectionem.“
819 2455 906 2507 zeon·
1010 2458 1050 2505 10.
1082 2452 1260 2505 VetstiusG.
1295 2452 1409 2504 t'sotisss

234 2602 433 2671 reprehendit,
464 2602 536 2671 quod
555 2604 630 2657 ultra
647 2605 796 2659 veritatem
846 2604 992 2657 soleriis
1010 2604 1072 2656 inde
1092 2602 1179 2655 dictis.
1203 2602 1317 2669 Ulpiae.
1340 2600 1406 2670 urg.

234 2686 293 2723 rem
311 2672 500 2724 exornaverit.
846 2672 884 2735 ll,
900 2676 941 2735 lb,
953 2676 981 2737 8,
996 2672 1066 2739 52³.
1089 2671 1121 2722 Si
1137 2672 1166 2723 in
1183 2686 1268 2722 oenoe
1283 2671 1408 2738 singulos

195 2731 201 2743 '
266 2742 295 2790 b.
329 2746 355 2791 ts
371 2754 456 2791 assem
476 2739 616 2807 elepbeeto
632 2739 706 2808 dure]
725 2739 798 2804 „aas
846 2748 918 2791 eertu
939 2740 1076 2821 quantitas
1098 2738 1182 2791 alicui
1200 2740 1289 2803 suerit
1313 2738 1408 2789 relictos

233 2806 307 2873 apud
327 2806 490 2860 Suetonium
508 2808 635 2875 Augusto
659 2824 721 2875 cap.
743 2812 796 2873 bb„
847 2806 947 2859 boorias
967 2806 1123 2859 bonestioris
1145 2808 1198 2858 loci
1218 2806 1303 2857 celati
1320 2806 1408 2857 sela-

236 2873 285 2925 ubi
310 2880 402 2927 tamen
421 2891 475 2926 aon
498 2892 585 2929 uorem
605 2875 654 2927 aed
678 2876 797 2944 stipere
846 2876 929 2926 rium
955 2890 1081 2925 meeum.
1117 2872 1158 2925 lle
1179 2889 1211 2925 re
1228 2874 1263 2924 ab
1280 2874 1407 2941 degusto

233 2940 373 3007 eleplsueto
392 2944 531 3011 porrigere
549 2943 667 3011 legitur,
695 2952 724 2995 et
747 2960 796 2995 ea·
846 2941 978 2995 instituta
996 2941 1053 2993 vid.
1071 2940 1123 2993 llio
1140 2940 1218 2993 cese.
1234 2940 1295 3006 Lll,
1309 2944 1355 2991 28.

233 3010 322 3075 plicet
340 3010 482 3061 luculente
498 3010 596 3063 lsecus
614 3010 796 3063 casaubonus
879 3013 905 3061 b.
940 3027 981 3062 me
1001 3010 1052 3062 tibi
1074 3007 1249 3078 displicuisse]
1273 3007 1293 3059 i.
1312 3022 1337 3059 e.
1356 3024 1408 3071 „es

233 3090 268 3125 ex
285 3074 395 3128 Aeliani
420 3074 542 3128 historia
567 3076 603 3129 de
624 3078 795 3132 animalibus
844 3076 918 3130 britto
936 3078 978 3129 ds'r
996 3078 1069 3129 eicit
1085 3078 1127 3129 bei
1140 3079 1193 3129 mir
1206 3076 1362 3145 geneses·

232 3140 290 3259 bw'
308 3142 360 3209 10.]
375 3150 403 3193 et
422 3144 483 3195 loeo
499 3144 602 3197 Galeui
615 3144 707 3211 [initio
722 3141 796 3198 ium-
878 3148 903 3197 e.
942 3144 1040 3212 Galba]
1059 3144 1099 3195 Ad
1118 3144 1236 3196 enudesn
1255 3142 1328 3196 redit
1342 3142 1408 3194 bla-

251 3207 286 3258 οὔ
307 3208 353 3261 vel
377 3210 511 3276 postremi
532 3212 598 3263 libri
617 3214 795 3281 deusuper·
845 3211 957 3264 crebius
985 3212 1062 3265 inira
1087 3228 1110 3263 e.
1133 3216 1159 3263 b.
1186 3214 1301 3279 58η.
1336 3210 1409 3262 ress

232 3274 326 3344 tium],
356 3292 407 3329 cnr
435 3278 510 3330 assls
537 3295 587 3331 seu
617 3278 705 3347 stipes
733 3282 794 3333 ele·
863 3286 925 3331 ater
946 3278 1127 3348 imperatoris
1146 3280 1269 3344 Galbae,
1297 3278 1333 3330 de
1348 3292 1407 3345 que

232 3342 338 3410 pbanto
353 3346 445 3409 detur,
460 3344 603 3411 nimirum,
620 3354 650 3400 et
667 3364 728 3399 earn
745 3364 793 3401 ae·
866 3348 997 3400 uetanius
1013 3348 1097 3399 Galle.
1113 3350 1155 3399 a:
1184 3346 1276 3412 Peter,
1301 3345 1406 3412 iuquit,

230 3418 341 3479 ceptam
362 3412 479 3478 elephas
507 3414 672 3482 proboscide
699 3416 792 3469 inees-
842 3417 982 3468 consulatu
1000 3418 1127 3482 sanetus,
1154 3432 1235 3483 ouem
1255 3416 1328 3467 brooi
1344 3430 1408 3465 osr-

232 3480 291 3533 eari
310 3498 361 3535 sno
381 3482 644 3552 μοι-[1311111011.
666 3510 698 3523 -
720 3482 792 3535 Sue-
840 3499 905 3551 pore
922 3492 1003 3551 atque
1018 3484 1099 3535 etiem
1117 3483 1251 3553 gibber,
1269 3482 1407 3533 medboe-

230 3548 337 3604 maia·
356 3551 485 3619 sequitur
502 3550 540 3603 lo.
556 3550 671 3604 Saresb.
684 3550 737 3615 ln,
751 3554 791 3604 14.
841 3568 891 3619 qus
907 3552 1062 3603 indicendo
1075 3552 1229 3616 resultatis,
1245 3566 1342 3602 sums
1360 3550 1407 3601 iss-

261 3620 288 3669 4.
323 3619 502 3689 congiarium]
525 3620 569 3671 01.
585 3619 701 3674 Suetou.
719 3618 791 3688 bug.
840 3619 943 3670 destris
956 3619 1084 3689 agitauit.

227 3684 271 3733 41.
293 3686 479 3767 Congiaria
498 3690 621 3756 populo
633 3692 791 3757 frequen·
874 3686 1009 3755 corrigere
1021 3704 1075 3738 eoa
1088 3684 1206 3753 possuas]
1221 3684 1253 3737 le
1268 3700 1302 3736 eo
1317 3682 1405 3743 laets,

226 3754 278 3799 ter
301 3750 406 3817 dedet,
433 3756 479 3805 sed
503 3756 624 3808 diuersae
643 3760 702 3823 fers
718 3772 792 3808 suas·
840 3753 913 3820 quod
938 3755 1072 3837 corripere
1094 3760 1123 3805 et
1147 3753 1181 3805 ad
1204 3751 1293 3805 animi
1312 3758 1342 3804 et
1364 3751 1404 3803 ad

227 3830 300 3866 muso
325 3819 402 3869 eredo
420 3822 624 3891 quadragenos,
643 3826 721 3876 modo
740 3824 791 3876 tri-
839 3820 968 3888 corporis
986 3822 1056 3874 vvtia
1074 3821 1205 3873 refertar.

227 3896 319 3943 ceros,
346 3901 542 3954 nonnumquam
570 3890 684 3942 ducenos
710 3892 789 3958 quia·
871 3892 897 3941 b.
937 3890 1036 3942 Vellem
1063 3890 1171 3941 Casius
1193 3895 1220 3939 et
1244 3902 1330 3939 eruas
1352 3888 1404 3951 se-

226 3964 365 4017 quugenos
385 3968 415 4003 ae
439 3970 568 4005 nummos.
603 3956 723 4023 Quintil.
744 3958 788 4022 Vl,
838 3971 897 4008 rusa
923 3966 1028 4010 uceueet
1071 3956 1131 4009 Non
1163 3962 1220 4008 tam
1250 3960 1406 4007 amoenet

225 4016 258 4081 b,
278 4020 321 4068 bb.
355 3968 454 4071 iaetus
483 4020 630 4085 Maximus,
662 4025 790 4078 iaeusm
838 4031 1063 4091 exspectaveras,
1083 4023 1156 4091 quod
1175 4023 1281 4075 babent
1297 4020 1405 4074 editio·

226 4086 375 4167 Augusti
412 4088 668 4157 congiariorasa
703 4108 789 4159 quoe
838 4108 890 4143 aes
908 4098 1019 4146 veteres
1038 4108 1101 4143 cum
1121 4090 1289 4160 mpuritias,
1316 4104 1404 4156 qaam

224 4156 344 4207 urascio
360 4154 529 4208 debeatur
544 4158 727 4227 exiguitatem,
741 4161 788 4213 iss·
838 4168 984 4213 uousarst.
1019 4160 1114 4211 Voluit
1139 4167 1234 4212 autem
1254 4159 1405 4227 bagusta·

223 4223 342 4275 minaria
358 4239 414 4276 esee
433 4224 510 4277 dixit.
838 4234 869 4279 ut
884 4228 1081 4281 absolveretur
1095 4228 1196 4288 ioman.
1214 4228 1235 4278 l.
1247 4244 1273 4278 e.
1288 4234 1320 4277 ut
1334 4240 1406 4292 per-

258 4292 283 4339 ὁ.
323 4292 465 4359 sutorium]
500 4290 543 4342 01.
577 4289 651 4343 Plio.
683 4290 718 4345 N.
749 4293 787 4345 11.
837 4292 979 4348 ficeretur.
1007 4296 1049 4347 01.
1067 4294 1317 4348 sassonoomo.
1337 4293 1405 4345 Fari

224 4350 329 4423 lllllll,
356 4365 373 4410 1
400 4376 423 4411 ι.
448 4362 491 4412 41.
519 4360 536 4423 s
563 4363 607 4411 89.
637 4359 789 4413 Honoribus
837 4364 991 4416 memmei
1017 4380 1102 4415 ossusa
1127 4365 1183 4426 tuit
1211 4363 1344 4415 irminam
1374 4368 1404 4413 et

223 4420 304 4474 stium
324 4426 490 4497 militiasque
511 4428 688 4498 inmoritur
712 4428 788 4496 (sal)
836 4430 996 4485 iudiciorum
1008 4432 1241 4499 musicem
1256 4429 1404 4483 os'dstatur
